4110 5844
503 628 565 693 160
1012 636 1203 689 aereamx
1227 636 1288 690 xo.
1311 637 1349 690 ιι

564 801 716 866 onrem
743 820 877 885 quoque
902 798 1060 883 singulari
1086 807 1176 863 sorte
1199 796 1315 862 diuina
1338 796 1420 862 mihi
1443 797 1558 863 datam
1584 797 1669 862 duxi
1699 819 1744 864 ex
1776 800 1861 865 anti-

498 906 659 990 quissima
688 915 724 970 et
752 904 870 970 illustri
896 902 1022 968 familia
1054 904 1222 967 Baronum
1248 922 1270 966 a
1295 900 1540 986 Wartumberg,
1569 921 1614 966 ex
1641 922 1708 986 qua
1733 903 1862 988 aliquot

499 1010 620 1075 liberos
635 1009 773 1094 suscepi,
788 1009 846 1073 sed
862 1016 993 1073 tantum
1010 1005 1096 1071 filius
1110 1015 1146 1071 et
1165 1004 1233 1069 filia
1251 1006 1283 1070 in
1299 1006 1386 1069 uiuis
1407 1015 1493 1070 sunt
1539 1007 1687 1072 Princius
1700 1007 1745 1071 ad
1760 1027 1860 1091 quem

499 1134 560 1199 per
574 1115 616 1179 D.
633 1113 814 1180 Stuardum
831 1112 942 1177 literas
957 1131 1091 1196 quoque
1106 1110 1227 1176 dedisti
1243 1130 1337 1175 meus
1352 1109 1481 1193 collega
1494 1120 1547 1175 est
1559 1161 1568 1175 .
1579 1131 1694 1175 verum
1706 1113 1763 1195 qui
1775 1112 1861 1176 hanc

499 1216 692 1302 religionem
718 1216 903 1281 Catolicam
928 1215 961 1279 in
986 1235 1053 1299 qua
1077 1224 1187 1279 tecum
1214 1233 1412 1297 mecumque
1435 1214 1606 1278 aeducatus
1630 1214 1692 1280 fuit
1715 1235 1862 1281 summo-

500 1342 578 1405 pere
602 1330 636 1385 et
659 1320 797 1398 deridet,
815 1329 849 1384 et
872 1319 1093 1402 blasphemat,
1111 1319 1158 1382 ita
1181 1326 1220 1383 ut
1243 1315 1339 1382 caute
1363 1315 1424 1382 tibi
1442 1318 1660 1400 imposterum
1684 1320 1728 1383 ad
1753 1320 1862 1404 ipsum

499 1424 710 1488 scribendum
737 1424 788 1487 sit
815 1421 917 1506 Quod
943 1420 1023 1487 sane
1049 1429 1224 1506 peccatum
1250 1421 1278 1485 si
1305 1440 1364 1504 per
1390 1421 1613 1504 ignorantiam
1639 1423 1864 1489 committeret

498 1528 722 1594 excusabilior
745 1526 855 1591 forsan
880 1536 976 1604 esset,
999 1546 1115 1599 uerum
1140 1526 1307 1591 terrestria
1329 1535 1423 1590 curat
1447 1534 1596 1589 nostrum
1622 1537 1734 1591 autem
1756 1530 1862 1592 muni-

499 1632 624 1715 cipium
639 1632 686 1696 mi
703 1631 743 1696 D.
760 1629 903 1697 Skenaee
915 1631 949 1693 in
961 1631 1053 1695 coelis
1065 1640 1116 1695 est
1127 1629 1217 1694 unde
1228 1639 1263 1694 et
1273 1628 1434 1693 illustrem
1448 1627 1541 1694 illum
1553 1629 1736 1695 aduentum
1748 1632 1863 1715 magni

500 1736 587 1800 illius
603 1735 668 1799 Dei
687 1734 872 1801 Saluatoris
894 1733 998 1799 nostri
1021 1743 1248 1817 expectamus,
1264 1733 1321 1816 qui
1343 1752 1421 1797 suas
1443 1733 1679 1816 promissiones
1701 1743 1862 1819 tanquam

501 1838 629 1906 DEUS
654 1836 709 1902 ille
735 1837 866 1902 mentiri
887 1837 1026 1916 nescius,
1046 1837 1113 1900 suis
1131 1834 1338 1920 temporibus
1361 1836 1429 1900 suis
1453 1836 1651 1920 adimplebit
1673 1837 1862 1905 cultoribus.

499 1943 646 2008 uiderint
656 1960 736 2025 ergo
747 1941 802 2006 isti
817 1939 1001 2024 hypocritae
1013 1949 1047 2004 et
1057 1939 1219 2006 derisores
1232 1939 1387 2004 Deumue
1398 1960 1441 2004 an
1457 1942 1568 2024 potius
1583 1961 1619 2005 se
1633 1941 1724 2025 ipsos
1739 1942 1864 2010 fallant

566 2046 638 2111 Nos
664 2047 790 2110 interea
816 2043 893 2110 licet
919 2062 1056 2129 corpore
1082 2044 1211 2122 remoti,
1238 2042 1364 2129 Spiritu
1388 2053 1501 2110 tamen
1529 2044 1652 2110 Christi
1678 2056 1805 2112 aetemo
1829 2058 1864 2113 et

499 2148 720 2216 indissolubili
734 2147 868 2214 vinculo
888 2146 1065 2227 coniuncti,
1087 2157 1278 2213 sanctorum
1302 2147 1393 2212 illam
1411 2149 1681 2214 communionem
1703 2151 1806 2216 etiam
1829 2153 1862 2216 in

499 2254 562 2319 hac
587 2253 798 2332 mortalitate,
822 2253 990 2318 insitando
1014 2251 1069 2317 alii
1094 2252 1177 2317 alios
1201 2271 1260 2335 per
1284 2252 1395 2317 literas
1419 2252 1639 2317 semabimus:
1663 2254 1864 2320 recordaturi

499 2357 679 2442 aliquando
694 2358 795 2422 etiam
811 2357 927 2421 horam
944 2356 977 2421 in
993 2356 1050 2421 illa
1061 2367 1186 2421 aetema
1197 2356 1365 2435 societate,
1376 2354 1433 2420 ubi
1445 2376 1512 2420 non
1524 2376 1610 2441 opus
1620 2357 1682 2421 erit
1695 2357 1865 2441 Epistolis,

499 2461 558 2526 sed
574 2481 635 2526 nos
650 2481 767 2525 omnes
782 2461 905 2525 erimus
922 2459 1074 2544 Epistola
1089 2461 1122 2524 in
1140 2459 1280 2526 Christo

565 2565 721 2632 Ceterum
748 2564 781 2629 id
806 2563 897 2648 quod
918 2565 1013 2630 initio
1039 2564 1234 2629 discendum
1261 2573 1359 2628 erat.
1379 2560 1476 2628 unice
1499 2572 1534 2629 et
1561 2562 1781 2649 Summopere
1803 2566 1864 2632 tibi

498 2668 700 2734 commendo
710 2666 848 2751 Magnis.
861 2675 895 2733 et
910 2666 1071 2732 illustrem
1084 2666 1259 2747 Baronem,
1271 2666 1456 2732 Dominum
1471 2666 1660 2751 Johannem
1673 2668 1863 2735 Dionisium

498 2793 521 2837 a
535 2772 690 2851 Zierotin‚
705 2791 771 2855 que
784 2770 845 2837 tibi
865 2770 946 2836 hasc
966 2791 1078 2836 emeas
1101 2771 1212 2836 literas
1234 2771 1346 2838 tradit
1391 2772 1454 2837 Est
1472 2771 1507 2836 in
1527 2770 1599 2836 haec
1617 2772 1743 2837 familia
1764 2773 1864 2839 ualde

498 2876 634 2941 illustris
653 2877 740 2942 etin
761 2873 923 2941 Bohemia
941 2884 975 2940 et
995 2875 1029 2938 in
1050 2873 1203 2940 Morauia
1222 2924 1231 2942 .
1250 2883 1285 2941 et
1306 2875 1442 2942 uitricus
1461 2875 1559 2941 buius
1575 2875 1617 2940 D.
1634 2875 1828 2943 Fredericus
1841 2898 1864 2943 a

497 2979 633 3045 Zerotin
664 2979 750 3046 Vice
779 2979 856 3044 Rex
887 2979 1057 3045 Morauia„
1089 2979 1214 3044 Fratris
1239 2979 1342 3044 etiam
1371 2998 1494 3044 nomen
1519 2988 1555 3045 et
1581 2979 1672 3045 lama
1694 2980 1792 3046 huius
1819 2982 1861 3048 D.

498 3083 662 3168 Johannis
681 3102 748 3148 non
771 3081 890 3148 dubito
912 3083 992 3167 quin
1017 3081 1077 3148 tibi
1102 3084 1136 3147 in
1162 3082 1276 3149 Scotia
1300 3083 1343 3148 sit
1366 3092 1456 3162 nota,
1477 3091 1595 3167 utpote
1616 3084 1674 3167 qui
1693 3082 1766 3149 haec
1789 3085 1863 3151 loca

499 3187 696 3272 peragrauit
742 3186 790 3251 Et
813 3186 889 3251 licet
917 3197 1058 3270 uterque
1081 3205 1148 3250 non
1175 3205 1306 3270 magnae
1331 3194 1469 3251 statura
1492 3197 1560 3266 est;
1590 3196 1704 3252 tamen
1730 3189 1863 3255 inistis

498 3291 609 3377 parvis
623 3289 721 3355 doliis
736 3309 804 3355 non
819 3298 890 3354 tam
905 3291 1075 3373 quantitas
1090 3307 1191 3372 quam
1206 3288 1350 3372 qualitas
1365 3289 1513 3356 materiae
1528 3290 1712 3374 spectanda
1723 3301 1782 3360 est
1822 3292 1861 3358 ln

499 3413 632 3460 summa
647 3394 733 3458 adeo
748 3413 824 3458 eum
840 3391 901 3457 tibi
919 3393 1129 3471 commendo,
1146 3401 1183 3458 ut
1201 3393 1369 3463 neminem
1385 3394 1493 3478 magis
1507 3394 1743 3461 commendare
1760 3416 1862 3480 quam

498 3499 579 3584 quid
595 3497 674 3582 quid
690 3496 768 3562 huic
784 3497 942 3562 Baronia
956 3506 990 3561 te
1004 3506 1074 3562 eta
1088 3497 1298 3561 serenissimo
1319 3498 1413 3582 Rege
1427 3507 1487 3562 tuo
1501 3498 1619 3581 gratiae
1638 3509 1674 3564 et
1693 3498 1814 3565 fauoris
1829 3511 1864 3566 et

498 3601 718 3687 promotionis
738 3600 781 3665 ad
806 3599 931 3683 aliquid
956 3599 1047 3685 apud
1074 3619 1135 3664 uos
1160 3600 1342 3665 uidendum
1367 3600 1681 3668 demonstrabitur.
1706 3602 1740 3668 id
1766 3603 1863 3669 nobis
1934 3611 1939 3619 '

497 3705 659 3770 universis
682 3704 807 3769 lactum
829 3713 939 3789 puta.
959 3714 1011 3769 est
1033 3704 1135 3769 etiam
1159 3702 1232 3768 haec
1256 3704 1381 3769 familia
1407 3724 1520 3769 earum
1543 3725 1646 3789 opum
1667 3714 1705 3772 ut
1727 3708 1863 3790 quosuis

498 3809 737 3874 illustrissimos
764 3808 933 3893 Principes
958 3818 995 3874 at
1020 3809 1109 3874 uiros
1134 3817 1229 3873 tante
1254 3816 1288 3874 et
1314 3828 1375 3892 pro
1403 3809 1569 3893 dignitate
1598 3810 1631 3874 in
1660 3810 1773 3876 Domo
1802 3830 1863 3877 sua

498 3913 654 3997 excipere
683 3921 798 3996 posset
825 3922 865 3977 ut
893 3913 1018 3979 interea
1055 3922 1184 3978 taceam
1213 3911 1257 3976 de
1287 3913 1412 3997 pietate
1441 3913 1474 3976 in
1512 3913 1635 3992 Deum,
1664 3924 1699 3980 et
1730 3932 1863 3981 sumum

496 4017 688 4082 constantia
716 4016 750 4080 in
780 4036 821 4080 ea
850 4017 1032 4096 retinenda,
1058 4025 1091 4083 et
1121 4016 1359 4101 promouenda
1390 4016 1481 4082 Bene
1509 4026 1545 4082 et
1570 4017 1759 4085 felicissime
1786 4020 1862 4086 uale

498 4122 642 4204 uiueque
656 4129 817 4185 aetemum
834 4121 880 4184 mi
896 4121 937 4185 D.
955 4120 1107 4187 Skenaeo
1154 4120 1254 4185 Datae
1274 4137 1310 4202 13
1328 4119 1535 4204 Septembris
1550 4141 1640 4187 anno
1654 4137 1705 4204 95.

1039 4282 1104 4347 Tul
1120 4280 1433 4348 obseruantissimus
1455 4282 1555 4349 irater

1354 4434 1567 4502 Vueucsst.
1592 4437 1794 4504 Buoowarz

1467 4558 1488 4603 a
1511 4540 1665 4607 Budoria
