4110 5844
729 624 894 677 LETTERS
916 623 967 676 ΤΟ
988 624 1047 676 snt
1068 623 1167 690 Jourt
1191 624 1325 676 SKENE.
1649 615 1709 694 167

520 786 712 854 Clarissimo
741 785 1028 870 Amplissimoque
1059 784 1208 850 Domino
1236 783 1382 868 Johannl
1412 783 1565 851 Scheneo
1595 786 1711 870 Regiae

455 891 644 975 Majestatis
674 891 798 956 Scotiae
828 891 911 954 sacri
948 889 1107 974 praefecto
1143 888 1341 955 Consiliario
1377 889 1574 974 dignissimo
1611 901 1712 975 atque

454 995 562 1060 amico
578 995 741 1078 imprimis
756 994 975 1060 obseruando.

1008 1248 1055 1295 11.

411 1368 503 1433 Dum
520 1367 552 1432 in
570 1366 718 1435 Scotiam
736 1369 798 1432 iter
812 1366 947 1433 affectat
962 1366 1070 1432 affinis
1094 1386 1186 1431 meus
1208 1367 1355 1450 Joannes
1380 1366 1522 1433 Ehlerus
1540 1370 1711 1452 quondam

347 1471 463 1557 Spect:
489 1472 627 1537 Domini
651 1471 816 1554 Joachimi
842 1470 955 1535 Ehleri
980 1471 1105 1536 ordinis
1128 1470 1285 1535 senatorii
1311 1471 1424 1548 Filius,
1449 1473 1545 1537 rediit
1570 1473 1651 1538 mihi
1677 1474 1710 1538 in

346 1586 492 1641 mentem
508 1575 551 1639 de
567 1584 680 1640 nostra
695 1575 935 1639 consuetudine
951 1575 983 1637 in
1001 1575 1180 1640 Germania
1191 1575 1362 1657 quondam
1379 1573 1475 1639 nobis
1487 1576 1712 1643 intercedente

346 1690 417 1745 tum
445 1700 521 1743 cum
549 1700 650 1762 opera
677 1688 710 1742 et
733 1677 964 1743 benevolentia
987 1688 1045 1743 tua
1067 1698 1238 1760 nunquam
1262 1676 1342 1741 mihi
1366 1677 1575 1744 obliteranda
1596 1690 1712 1749 uterer.

348 1784 487 1848 Huncce
503 1784 603 1866 igitur
622 1781 781 1846 Ehlerum
803 1802 878 1844 cum
900 1781 945 1846 ob
966 1781 1225 1865 redintegratam
1247 1780 1328 1844 mihi
1351 1782 1546 1847 memoriam
1567 1785 1624 1862 tui,
1639 1795 1711 1850 tum

347 1888 449 1971 ipsius
479 1888 580 1952 etiam
611 1905 711 1950 causa
740 1886 812 1948 sine
838 1886 920 1949 meis
950 1885 993 1950 ad
1016 1895 1050 1951 te
1073 1884 1174 1950 literis
1197 1885 1368 1970 pervenire
1390 1885 1488 1952 nolui.
1536 1886 1633 1953 Illam
1652 1888 1712 1954 tibi

345 2012 479 2075 quoque
494 2012 561 2055 non
578 1991 743 2074 ingratam
764 1989 834 2053 fore
851 1988 985 2054 confido
1005 1989 1032 2053 si
1051 1989 1129 2054 novi
1148 2008 1234 2053 verae
1252 1989 1470 2055 humanitatis
1489 1992 1633 2057 Genium
1655 1994 1712 2075 qui

345 2095 425 2159 olim
454 2095 534 2158 mihi
557 2093 819 2178 iucundissimus
844 2093 972 2157 accidit
1020 2093 1086 2156 Hic
1116 2114 1195 2157 vero
1220 2092 1363 2157 Ehlerus
1392 2114 1492 2176 quem
1520 2096 1592 2159 dixi
1619 2096 1712 2161 litem

344 2198 446 2262 habet
462 2199 494 2262 in
510 2197 642 2280 Judicio
658 2196 796 2263 Consilii
812 2198 968 2261 sessionis
983 2197 1073 2279 quod
1090 2197 1124 2260 in
1146 2196 1261 2262 Scotia
1275 2206 1385 2260 vestra
1406 2207 1465 2274 est,
1480 2197 1582 2264 habet
1599 2210 1712 2265 autem

342 2301 413 2387 jam
437 2301 494 2365 diu
517 2321 658 2385 eamque
679 2301 852 2365 occasione
874 2302 967 2364 navis
986 2299 1161 2383 cujusdam
1178 2301 1220 2364 ad
1237 2299 1378 2365 insulam
1397 2301 1541 2368 Unstam
1565 2304 1712 2388 direptae.

346 2404 424 2489 Quo
455 2406 589 2469 nomine
619 2424 694 2469 cum
723 2404 793 2487 jam
824 2413 923 2468 antea
955 2402 1120 2467 Illustrem
1152 2402 1377 2469 Orcanensem
1416 2402 1583 2470 Comitem
1621 2409 1711 2492 apud

345 2510 519 2575 consilium
545 2520 707 2573 secretum
739 2508 948 2573 convenisset
974 2528 1049 2572 cum
1077 2528 1097 2571 a
1123 2507 1220 2591 spolii
1250 2506 1396 2573 Actione
1423 2509 1613 2576 absolutum
1640 2534 1713 2577 esse

346 2613 426 2677 mihi
458 2613 577 2690 retulit,
607 2614 745 2677 remissa
770 2613 812 2676 de
836 2621 958 2676 caetero
987 2631 1096 2674 causae
1124 2610 1314 2694 cognitione
1340 2612 1383 2676 ad
1414 2612 1495 2676 illud
1522 2616 1612 2697 quod
1639 2617 1712 2680 dixi

346 2718 528 2783 Consilium
554 2718 709 2781 sessionis
734 2726 861 2782 vestrae.
917 2715 983 2779 Hic
1007 2715 1097 2798 quod
1123 2715 1353 2799 maximopere
1368 2727 1520 2782 vereatur
1546 2739 1588 2782 ne
1612 2719 1652 2783 lis
1678 2721 1711 2785 in

346 2824 545 2886 immensum
573 2832 708 2899 crescat,
737 2832 771 2886 et
801 2821 856 2884 ille
886 2839 988 2883 morae
1018 2827 1169 2901 pertesus
1198 2827 1232 2883 et
1262 2830 1456 2902 sumptuum
1486 2820 1711 2903 Justissimam

346 2946 480 2990 causam
496 2927 646 2990 deserere
662 2936 801 3009 cogatur
823 2926 856 2988 in
872 2934 931 2988 tua
948 2922 1179 2987 benevolentia
1198 2923 1385 2987 maximum
1404 2924 1466 2988 sibi
1490 2927 1711 3009 patrocinIum

346 3031 527 3096 collocavit.
573 3030 688 3113 Atque
704 3028 810 3094 isthoc
826 3029 938 3092 omine
953 3047 988 3091 se
1004 3027 1064 3092 tibi
1080 3047 1139 3111 per
1154 3027 1218 3090 mei
1235 3029 1462 3093 commendari
1478 3029 1591 3096 voluit.
1630 3033 1712 3097 Peto

347 3136 447 3218 igitur
473 3156 493 3197 a
519 3144 552 3198 te
575 3154 634 3218 per
654 3144 800 3198 veterem
823 3132 915 3197 illam
938 3129 1212 3196 consuetudinem
1236 3139 1383 3194 nostram
1406 3131 1542 3213 quando
1572 3153 1613 3197 eo
1639 3134 1713 3198 loco

347 3240 475 3323 positus
491 3259 525 3301 cs
541 3248 578 3302 ut
593 3238 709 3321 possis,
724 3236 818 3301 Velis
834 3235 961 3302 huncce
976 3234 1109 3299 affinem
1127 3253 1238 3299 meum
1254 3233 1456 3299 authoritate
1471 3245 1530 3300 tua
1552 3247 1585 3302 et
1606 3239 1713 3321 gratia

347 3342 513 3424 adjuvare,
542 3344 609 3425 qud
639 3342 762 3405 sentiat
792 3342 939 3425 potuisse
965 3323 1090 3422 aliquid
1117 3338 1206 3420 apud
1238 3347 1271 3402 te
1301 3337 1363 3401 sibi
1393 3348 1505 3403 autem
1533 3339 1711 3423 plurimum

347 3444 508 3528 proluisse
523 3444 847 3509 commendationem
863 3462 982 3508 meam.
1028 3442 1100 3506 Nec
1115 3441 1236 3507 tenebo
1251 3451 1285 3506 te
1300 3442 1449 3525 pluribus
1464 3463 1506 3507 ne
1521 3443 1595 3528 plus
1612 3444 1713 3510 literis

348 3549 430 3612 meis
466 3568 541 3630 quae
579 3557 646 3612 tuae
683 3548 881 3612 humanitati
919 3546 1073 3611 tribuisse
1108 3543 1229 3610 videar.
1296 3544 1382 3609 Vale
1420 3546 1532 3629 itaque
1569 3569 1713 3633 namque

348 3652 596 3715 consuetudinis
612 3653 806 3716 memoriam
823 3660 985 3735 perpetuo
999 3669 1101 3715 serva.
1147 3646 1287 3713 Gedano
1302 3651 1325 3712 6
1338 3648 1416 3732 Julij
1435 3650 1538 3715 Anno
1558 3655 1647 3733 1596.

745 3771 809 3835 Tui
855 3820 862 3835 .
907 3820 913 3834 .
958 3819 965 3834 .
1010 3769 1322 3833 observantissimus

1210 3888 1445 3956 annuamus
1469 3892 1647 3959 Barnous

523 4059 741 4123 Nobilissimo
759 4059 926 4143 juxtaque
948 4057 1131 4121 clarissimo
1153 4056 1237 4122 Viro
1253 4057 1402 4122 Domino
1416 4058 1537 4141 Joanni
1561 4058 1712 4126 Scaenaeo

456 4172 516 4228 etc.
564 4162 685 4228 Amico
700 4164 879 4247 plurimum
895 4162 1098 4227 honorando.

1012 4402 1058 4451 12.

415 4521 449 4587 S.
475 4521 657 4586 Generosi
681 4523 889 4587 Nobilissimi
917 4522 1084 4606 magnifici
1110 4532 1145 4588 et
1170 4521 1354 4587 doctissimi
1381 4522 1451 4601 viri,
1476 4520 1556 4588 facit
1580 4542 1712 4587 summa

349 4623 540 4690 humanitas
563 4636 597 4690 et
620 4646 700 4710 erga
725 4646 780 4691 me
803 4626 1034 4692 benevolentia
1056 4635 1176 4703 vestra,
1191 4625 1257 4689 iam
1276 4624 1405 4708 pridem
1425 4624 1505 4688 mihi
1526 4626 1606 4689 satis
1626 4645 1712 4689 sem·
