4110 5844
504 622 565 690 170
1012 617 1203 671 mrnunrx
1227 617 1287 671 uo.
1311 617 1349 673 tr

500 802 540 848 ac
555 782 680 848 exinde
695 779 856 865 Angliam
872 780 1071 865 perlustrare
1085 779 1235 845 animum
1251 779 1393 845 induxit
1430 780 1469 844 ln
1484 799 1552 863 quo
1567 800 1628 845 suo
1643 780 1815 864 proposito
1830 800 1866 845 se

501 894 562 952 tuo
576 884 689 951 favore
704 904 770 949 non
787 903 904 968 parum
920 883 1074 966 adjutum
1090 884 1128 948 iri
1144 881 1288 949 confidit
1335 882 1503 966 Quicquid
1519 903 1600 967 ergo
1617 883 1867 962 benevolentiae,

501 999 536 1055 et
554 989 655 1055 studii
680 990 713 1053 in
732 987 825 1052 illum
850 988 914 1053 mei
937 1008 1038 1052 causa
1055 986 1243 1066 contuleris,
1263 986 1349 1053 bene
1367 988 1513 1072 positum
1536 1007 1608 1052 esse
1628 987 1802 1071 intelliges,
1821 987 1867 1054 Et

502 1113 557 1159 me
576 1093 721 1157 vicissim
740 1093 783 1157 ad
802 1091 923 1157 similia
940 1092 993 1156 vel
1013 1091 1148 1174 majora,
1164 1091 1221 1156 ubi
1241 1112 1303 1176 par
1320 1112 1398 1156 usus
1414 1092 1447 1156 id
1463 1092 1584 1171 tulerit,
1598 1091 1659 1156 tibi
1675 1092 1866 1157 devinctum

502 1196 629 1262 reddes.
689 1195 820 1281 Quibus
851 1206 884 1262 te
915 1197 991 1261 Deo
1021 1197 1162 1281 Optimo
1201 1196 1356 1261 Maximo
1385 1197 1750 1262 commendatissimum
1780 1196 1866 1262 volo.

503 1300 590 1366 Vale
606 1301 683 1366 Dat
702 1299 837 1366 Hafniae
857 1317 894 1364 12
911 1299 1047 1384 Aprilis,
1064 1299 1167 1364 Anno
1186 1314 1275 1383 1597.

1216 1418 1255 1485 T.
1272 1417 1543 1485 Studiosissimus

1372 1541 1573 1607 Heumcus
1596 1541 1804 1607 Rnxsmus

1070 1712 1150 1778 Post
1173 1710 1313 1796 Scripta

569 1850 783 1917 Amicissime
809 1848 953 1930 Skinaee,
979 1850 1066 1916 Cum
1092 1850 1153 1915 has
1178 1849 1417 1934 obsignassem
1443 1852 1535 1916 venit
1564 1851 1598 1915 in
1629 1861 1786 1931 mentem,
1816 1870 1870 1915 me

502 1955 662 2040 superiori
685 1963 804 2020 aestate
826 1954 1022 2033 ministrum,
1043 1954 1101 2038 qui
1122 1953 1234 2019 lanam
1258 1953 1373 2018 rudem
1395 1964 1429 2019 et
1447 1954 1550 2038 pelles
1569 1954 1695 2034 ovinas,
1711 1955 1753 2019 ad
1777 1974 1870 2019 meos

502 2060 705 2125 domesticos
719 2078 798 2124 usus
814 2056 938 2123 ibidem
954 2066 1129 2136 coemeret,
1144 2059 1177 2122 in
1201 2056 1350 2124 Scotiam
1370 2056 1557 2140 ablegasse;
1579 2079 1618 2122 ac
1633 2059 1778 2124 eundem
1793 2069 1870 2143 post

504 2165 646 2229 reditum
662 2183 769 2241 suum,
784 2163 897 2227 nescio
911 2161 954 2226 de
969 2161 1090 2245 quibus
1104 2160 1365 2240 difficultatibus,
1379 2161 1500 2244 quibus
1518 2162 1682 2245 ejusmodi
1701 2163 1813 2227 lanam
1835 2173 1870 2228 et

504 2267 607 2354 pelles
622 2288 667 2332 ex
683 2287 785 2350 regno
795 2276 905 2333 vestro
917 2267 1078 2350 asportari
1091 2264 1269 2330 inhibitum
1282 2275 1378 2344 esset,
1389 2285 1410 2330 a
1422 2265 1590 2330 nonnullis
1602 2267 1871 2350 praetenderetur,

503 2381 723 2457 conquestum
738 2392 818 2436 esse.
864 2369 1022 2437 Officiose
1038 2371 1151 2453 itaque
1165 2379 1200 2435 te
1214 2370 1304 2435 hisce
1320 2390 1436 2454 rogare
1450 2369 1550 2450 volui,
1564 2380 1602 2435 ut
1616 2372 1723 2454 prima
1738 2391 1872 2456 quaque

503 2476 677 2541 occasione
701 2473 887 2558 significare
917 2471 998 2538 mihi
1029 2492 1095 2537 non
1127 2473 1321 2553 molesteris,
1346 2493 1501 2557 quaenam
1531 2475 1603 2557 ejus
1633 2475 1679 2538 rei
1705 2474 1749 2539 sit
1778 2475 1871 2554 ratio,

505 2579 629 2646 Utrum
650 2577 805 2643 videlicet
827 2578 940 2656 cuivis,
955 2576 1119 2660 ejusmodi
1143 2577 1247 2662 pelles
1264 2586 1299 2642 et
1314 2577 1425 2641 lanam
1440 2578 1614 2642 coemendi
1629 2588 1664 2644 et
1678 2580 1871 2663 asportandi

504 2683 645 2749 facultas
668 2690 783 2766 pateat
803 2691 837 2748 et
863 2681 1073 2759 concedatur,
1091 2681 1149 2746 An
1175 2702 1254 2746 vero
1280 2701 1301 2746 a
1327 2680 1403 2748 Ser:
1427 2681 1517 2766 Reg:
1540 2681 1628 2746 Malt-
1648 2682 1691 2748 de
1713 2683 1871 2766 singulari

504 2786 621 2872 gratia,
645 2805 721 2850 cum
745 2788 788 2851 ad
813 2785 960 2869 privatos
984 2784 1197 2850 solummodo
1220 2805 1299 2849 usus
1325 2805 1382 2849 eas
1402 2787 1508 2850 coemi
1532 2806 1653 2867 curem,
1673 2785 1815 2852 obtineri
1837 2798 1873 2853 et

505 2889 674 2975 impetrari
690 2892 795 2973 possit
810 2890 861 2953 vel
877 2888 1005 2953 debeat
1053 2889 1183 2953 Feceris
1199 2890 1232 2953 in
1248 2888 1312 2954 hoc
1327 2908 1396 2953 rem
1418 2888 1498 2954 mihi
1521 2891 1755 2974 gratissimam,
1769 2901 1803 2956 et
1819 2912 1873 2956 me

504 2995 565 3061 tibi
581 2995 624 3058 ad
640 3012 847 3078 quaecunque
866 2992 976 3058 officia
998 2992 1170 3076 obligabis.
1215 2991 1301 3057 Vale
1322 2992 1466 3059 feliciter.
1514 2994 1641 3058 Datum
1663 3005 1701 3060 ut
1722 2994 1753 3059 in
1771 2996 1872 3059 literis

1063 3113 1247 3196 Dignitatis
1262 3123 1329 3178 tuae

1200 3231 1471 3299 Studiosissimus

1373 3355 1573 3420 Hernicus
1598 3355 1804 3420 huetius.

1176 3651 1222 3721 ις.

572 3789 605 3857 S.
629 3789 717 3856 Cum
737 3810 844 3875 nuper
862 3791 952 3875 apud
972 3811 1033 3858 vos
1052 3811 1160 3858 essem
1181 3791 1244 3857 Vir
1265 3790 1466 3874 Clarissime,
1485 3797 1659 3881 impetravi
1680 3816 1701 3861 a
1723 3795 1871 3863 Serenis·

506 3893 592 3959 simo
619 3895 714 3979 Rege
739 3896 955 3961 donationem
982 3897 1148 3962 redituum
1174 3897 1384 3980 quorundam
1409 3899 1442 3964 in
1471 3899 1685 3965 Annandalia
1707 3900 1751 3966 ad
1774 3921 1871 3966 usum

505 3998 713 4078 visitationis,
738 4019 806 4082 qua
832 3999 983 4064 instituta
1009 4009 1060 4066 est
1085 3999 1129 4065 ad
1151 3999 1394 4085 plantationem
1418 4002 1642 4069 Ecclesiamm
1666 4005 1699 4068 in
1721 4004 1873 4070 desolata

506 4101 563 4169 illa
592 4103 734 4187 regione.
789 4103 875 4168 Eam
907 4122 1008 4169 manu
1040 4103 1147 4188 Regia
1176 4104 1398 4189 subscriptam
1429 4108 1566 4173 memini
1604 4128 1658 4173 me
1695 4109 1755 4173 tibi
1792 4119 1872 4174 tunc

505 4205 706 4285 exhibuisse,
721 4216 759 4272 ut
775 4217 832 4273 tua
847 4227 949 4292 opera
971 4206 1181 4273 Thesaurarii
1204 4218 1238 4274 et
1261 4209 1474 4294 Collegarum
1498 4211 1672 4298 Suffragiis
1695 4232 1756 4296 pro
1781 4233 1873 4278 more

506 4309 763 4376 confirmaretur.
809 4310 877 4378 Sed
902 4311 1159 4377 Thesaurarium
1184 4314 1295 4396 gravis
1325 4315 1460 4380 morbus
1490 4314 1687 4394 destinebat,
1711 4326 1810 4400 teque
1833 4337 1873 4382 ac

507 4413 662 4498 collegas
677 4425 753 4480 tuos
767 4415 901 4499 publica
916 4417 1051 4500 negotia
1066 4417 1113 4481 ita
1127 4417 1357 4484 distrahebant
1379 4440 1439 4504 per
1461 4421 1494 4486 id
1518 4430 1660 4505 tempus,
1675 4431 1712 4487 ut
1732 4421 1872 4488 Concilii

506 4518 712 4584 convocandi
737 4528 903 4605 praerepta
927 4521 971 4586 sit
996 4521 1106 4586 omnis
1132 4521 1271 4590 occasio.
1316 4521 1464 4590 Seorsim
1491 4534 1603 4591 tamen
1631 4523 1699 4591 fore
1724 4525 1873 4610 singulos
