4110 5844
853 635 1043 689 APPENDlX
1068 638 1128 690 No.
1153 637 1189 688 11.

1010 849 1039 912 4

406 968 439 1035 S.
464 969 497 1033 P.
544 966 706 1051 Quamvis
731 968 921 1035 Clarissimo
952 968 999 1033 Et
1026 967 1229 1035 Doctissime
1256 968 1402 1032 Domine
1438 967 1573 1052 Skynae,
1595 968 1702 1034 amice

340 1070 577 1150 amantissime,
597 1070 640 1136 ab
660 1092 701 1137 co
720 1092 826 1156 usque
845 1082 1006 1157 tempore,
1024 1092 1069 1137 ex
1089 1092 1157 1156 quo
1177 1071 1322 1156 primum
1343 1070 1466 1137 noticia
1486 1072 1650 1137 internos
1668 1082 1703 1138 et

340 1175 487 1240 amicitia
507 1184 580 1240 orta
599 1184 701 1259 atque
716 1175 798 1240 inita
815 1185 875 1254 est,
890 1176 1056 1240 continuis
1071 1173 1243 1240 itineribus
1260 1184 1296 1240 et
1311 1174 1411 1240 variis
1429 1173 1702 1259 occupationibus

342 1279 522 1363 impeditus
540 1277 666 1359 luerim,
681 1299 749 1363 quo
767 1280 876 1345 minus
894 1280 1020 1364 aliquid
1040 1279 1084 1346 ad
1103 1289 1137 1345 te
1156 1280 1366 1365 perscribere,
1381 1279 1556 1365 minusque
1575 1279 1700 1365 aliquid

341 1402 409 1448 non
424 1391 493 1447 tam
509 1382 552 1447 de
567 1393 625 1448 tua
640 1383 743 1466 ipsius
757 1384 956 1463 valetudine,
970 1381 1072 1469 quam
1094 1382 1139 1448 de
1158 1392 1217 1449 tuo
1236 1380 1437 1468 tuorumq'ue
1458 1384 1584 1468 reliquo
1603 1393 1702 1463 statu,

341 1506 440 1570 quem
456 1486 732 1552 secundissimum
751 1508 883 1572 semper
900 1487 1023 1571 optavi,
1038 1489 1221 1571 comperire
1239 1486 1420 1572 potuerim;
1443 1486 1569 1552 Animo
1587 1497 1699 1552 tamen

341 1588 404 1654 hoc
434 1590 583 1655 maxime
612 1600 771 1675 tempore,
796 1611 863 1675 quo
889 1591 1103 1675 praesentium
1131 1591 1224 1670 lator,
1250 1589 1401 1655 minister
1430 1610 1532 1670 meus,
1561 1591 1699 1657 aliorum

341 1693 630 1778 expediundorum
650 1695 863 1778 negociorum
882 1695 990 1779 gratia
1011 1695 1044 1759 in
1069 1694 1217 1761 Scotiam
1239 1694 1445 1779 ablegandus
1465 1695 1536 1774 suit,
1551 1694 1702 1780 inprimis

342 1798 466 1876 incidit,
491 1807 531 1863 ut
554 1819 630 1882 quae
656 1800 705 1864 tui
734 1807 841 1864 status
864 1819 1011 1883 praesens
1041 1798 1126 1863 ratio
1155 1818 1194 1863 ac
1223 1797 1372 1863 conditio
1398 1808 1493 1877 esset,
1519 1798 1703 1883 intelligere

341 1912 537 1986 satagerem,
562 1903 748 1986 tecumdue,
769 1904 798 1967 si
820 1902 933 1967 omnia
959 1901 1019 1967 tibi
1046 1902 1089 1967 ad
1120 1911 1237 1967 nutum
1265 1912 1300 1968 et
1323 1900 1530 1968 voluntatem
1555 1900 1703 1981 fluerent,

341 2005 520 2091 plurimum
536 2005 679 2071 laetarer:
703 2005 774 2071 Nec
789 2016 902 2071 tamen
918 2005 1180 2084 intermitterem,
1194 2006 1274 2090 quin
1290 2003 1311 2070 ὲ
1326 2015 1360 2070 te
1374 2015 1526 2070 amanter
1543 2027 1703 2090 rogarem,

341 2119 380 2175 ut
402 2107 479 2174 huic
500 2109 651 2175 ministro
673 2130 758 2190 meo,
779 2111 806 2174 si
831 2111 915 2176 sorte
935 2120 994 2175 tuo
1014 2109 1066 2175 vel
1087 2109 1226 2174 consilio
1246 2109 1298 2174 vel
1322 2109 1449 2174 auxilio
1472 2110 1506 2174 in
1529 2109 1591 2175 sibi
1612 2131 1702 2177 com·

343 2213 433 2278 missi
450 2214 578 2297 negocii
594 2215 809 2298 expeditione
825 2214 995 2298 indigeret,
1008 2214 1167 2279 benevole
1182 2234 1369 2279 succurrere
1380 2212 1577 2299 promtedue
1586 2215 1702 2280 adesse

342 2337 409 2382 non
432 2337 613 2401 gravarere,
631 2317 774 2403 Tibique
797 2319 1021 2402 persuaderes,
1036 2317 1194 2402 quicquid
1215 2319 1245 2382 ei
1271 2339 1345 2383 meo
1365 2318 1500 2383 nomine
1520 2328 1703 2402 praestares,

343 2420 423 2487 mihi
439 2421 508 2485 lore
528 2423 805 2505 acceptissimum,
819 2433 853 2487 et
873 2443 927 2487 me
948 2422 990 2486 ad
1012 2422 1125 2486 omnia
1143 2422 1334 2486 amicissimi
1352 2431 1387 2487 et
1404 2422 1465 2487 tibi
1485 2421 1702 2486 addictissimi

341 2526 444 2591 animi
470 2525 581 2590 studia
602 2535 637 2590 et
666 2525 775 2590 officia
797 2547 928 2610 semper
957 2526 1203 2611 paratissimum
1234 2526 1442 2611 pollicereris
1510 2524 1640 2609 Quibus
1670 2537 1703 2591 te

341 2630 463 2696 divinae
490 2629 661 2696 Clientelae
685 2631 957 2696 commendatum
973 2631 1057 2697 volo.
1104 2629 1281 2696 Dabantur
1303 2630 1438 2696 Hafniae
1461 2628 1591 2713 Quarto
1612 2629 1704 2714 Junii

343 2733 445 2799 Anno
465 2746 554 2814 1595.

818 2818 944 2907 Magek
963 2833 997 2886 et
1020 2820 1263 2906 Amplitudinis

988 2954 1055 3008 tuae
1070 2943 1379 3008 observantissimus

1207 3064 1406 3129 Hsnmcus
1431 3063 1637 3128 tenuemus.
1709 3104 1715 3115 -

516 3223 708 3290 Clarissimo
725 3224 770 3289 Et
794 3225 999 3290 Doctissimo
1013 3226 1097 3291 Viro
1114 3226 1262 3290 Domino
1284 3224 1428 3308 Johanni
1446 3224 1594 3308 Skynaeo
1616 3223 1704 3306 Juris

452 3327 635 3411 Utriusque
650 3328 799 3407 Doctori‚
816 3328 861 3393 Et
878 3328 1078 3394 Parlamenti
1100 3329 1363 3414 Edinburgensis
1379 3328 1566 3408 Advocato,
1581 3327 1704 3392 Amico

451 3453 511 3497 suo
526 3430 692 3516 singulari.

408 3705 510 3773 Salue
524 3725 625 3790 quam
642 3705 821 3789 plurimum
838 3707 884 3770 mi
900 3706 1104 3772 nobilissime
1120 3718 1154 3772 et
1168 3707 1360 3772 charissime
1375 3707 1416 3772 D.
1434 3706 1583 3774 Skenaee

409 3810 485 3874 Dici
501 3829 567 3873 non
584 3818 694 3893 potest
709 3821 835 3893 quanta
849 3831 916 3875 non
934 3811 1036 3876 modo
1051 3812 1257 3877 iucunditate
1279 3811 1489 3877 amicissimae
1510 3820 1577 3876 tuae
1600 3810 1704 3875 literae

343 3934 397 3981 me
412 3912 596 3979 affecerint:
619 3915 677 3979 sed
693 3915 794 3979 etiam
809 3935 911 3999 quam
926 3926 1023 4001 grata
1045 3916 1142 3981 luerit
1163 3915 1243 3980 mihi
1265 3917 1431 4000 presentia
1452 3914 1647 3979 nobilissimi
1670 3923 1705 3978 et

342 4017 587 4105 generosissimi
605 4018 667 4082 uiri
691 4019 733 4084 D.
749 4018 908 4084 Vilhelmi
932 4019 1078 4100 Stuardi,
1100 4020 1157 4105 qui
1179 4020 1314 4084 easdem
1337 4018 1498 4084 exhibuit
1543 4018 1607 4083 Cui
1625 4015 1705 4082 sane

342 4121 526 4209 praesertim
556 4122 589 4185 in
621 4130 715 4186 tanta
741 4121 811 4187 eius
835 4121 1046 4189 festinatione
1075 4132 1109 4190 et
1136 4144 1212 4188 meo
1237 4143 1370 4208 quoque
1396 4124 1570 4207 inopinato
1597 4122 1705 4206 Praga

341 4226 500 4304 discessu,
522 4245 582 4309 pro
606 4226 746 4291 summis
770 4228 852 4291 meis
875 4227 1000 4293 viribus
1022 4227 1166 4294 conabar
1188 4248 1264 4293 mea
1286 4227 1394 4292 officia
1416 4226 1542 4306 offerre,
1557 4225 1646 4309 quod
1670 4224 1703 4288 id

343 4329 451 4414 ipsum
469 4329 610 4414 ipsemet
632 4330 680 4394 uti
703 4351 800 4414 spero
821 4331 986 4398 fatebitur.
1031 4331 1169 4397 Deduxi
1191 4352 1268 4396 eum
1291 4352 1424 4415 quoque
1446 4331 1489 4395 ad
1512 4347 1703 4413 supremum

259 4514 265 4525 .
311 4463 315 4469 ·
344 4432 453 4516 Regni
476 4432 647 4497 Bohemici
662 4435 856 4517 praefectum
879 4436 921 4502 D.
937 4437 980 4501 de
1005 4437 1103 4501 Noua
1127 4435 1249 4514 Domo,
1264 4436 1358 4518 cujus
1380 4434 1527 4500 amicitia
1547 4434 1592 4497 illi
1608 4453 1705 4516 spero

344 4536 560 4621 profuturam
604 4535 733 4603 Omnes
747 4537 828 4603 sane
844 4537 942 4623 hujus
964 4541 1065 4605 uestri
1085 4539 1230 4605 hominis
1251 4539 1475 4623 integritatem
1493 4537 1704 4623 prudentiam
