4110 5844
573 634 739 687 LETTERS
761 634 810 687 ΤΟ
832 635 892 686 SlR
912 634 1012 701 JOHN
1035 633 1167 687 SKENE.
1491 621 1547 685 161

363 795 557 860 Nobilissim
599 806 633 861 et
678 794 860 880 Magnifico
900 796 973 860 uiro
1014 795 1162 860 Domino
1206 793 1350 878 Johanni
1397 793 1550 873 Skenaeo,

298 898 452 982 Suprcmi
477 899 621 967 Senatus
646 900 753 983 Regni
780 899 902 965 Scotiae
932 900 1098 976 assessori,
1122 909 1157 964 et
1186 897 1409 964 Archiuorum
1441 899 1550 982 Regni

298 1002 467 1080 Praefecto,
483 1003 631 1067 Domino
647 1013 681 1067 et
696 1003 786 1068 fratri
803 1023 864 1067 suo
879 1003 1018 1087 antiqua
1028 1001 1094 1067 fide
1105 1012 1139 1067 et
1154 1003 1343 1083 constantia
1357 1001 1551 1066 charissimo

296 1115 332 1171 et
353 1105 656 1171 obseruandissimo
1244 1105 1485 1190 Edinburgum.

852 1253 881 1317 6.

255 1387 289 1454 S.
335 1387 408 1454 Etsi
438 1388 543 1472 pudet
573 1387 743 1473 mequod
770 1397 840 1453 tam
867 1386 969 1471 longo
995 1396 1145 1472 tempore
1175 1386 1257 1452 nihil
1287 1387 1330 1452 ad
1361 1398 1395 1453 te
1425 1388 1551 1474 scripsi,

188 1490 321 1555 confido
336 1502 448 1556 tamen
466 1501 499 1556 te
514 1513 575 1576 pro
590 1490 798 1557 humanitate
813 1501 847 1556 et
862 1490 1093 1557 benevolentia
1108 1511 1187 1575 erga
1207 1513 1261 1556 me
1276 1503 1334 1557 tua
1348 1490 1435 1558 hanc
1451 1495 1550 1558 inter-

190 1594 380 1659 missionem
403 1593 502 1659 officii
526 1597 591 1660 mei
616 1596 650 1659 in
673 1595 848 1660 scribendo
867 1596 977 1659 minus
995 1595 1141 1679 grauiter
1156 1594 1299 1660 laturum
1316 1616 1388 1659 esse
1404 1597 1551 1681 mihique

188 1698 320 1763 veniam
336 1698 501 1776 daturum,
516 1699 699 1783 praesertim
720 1719 796 1764 cum
817 1682 984 1764 neminem
1006 1697 1177 1764 habuerim
1201 1697 1361 1765 hactenus
1384 1701 1436 1765 cui
1461 1721 1551 1765 meas

189 1810 263 1867 tuto
277 1802 320 1865 ad
337 1812 370 1867 te
386 1802 508 1867 darem.
590 1879 595 1891 .

255 1904 369 1970 Audio
391 1916 503 1970 antem
528 1916 561 1971 te
584 1907 617 1970 in
639 1906 746 1991 patria
761 1915 820 1972 tua
836 1907 986 1971 maxima
1008 1905 1218 1984 authoritate,
1233 1908 1323 1991 apud
1347 1917 1423 1971 tuos
1446 1928 1552 1992 popu·

189 2008 273 2073 lares
298 2009 418 2088 ualere,
444 2022 478 2075 et
504 2019 538 2075 te
564 2011 597 2075 in
624 2010 732 2094 gratia
761 2009 960 2074 serenissimi
992 2010 1095 2099 Regis
1125 2010 1225 2074 uestri
1256 2029 1337 2089 esse,
1363 2018 1401 2076 ut
1431 2021 1464 2075 et
1491 2010 1551 2074 tibi

187 2113 337 2197 gratulor
359 2124 394 2179 et
418 2114 499 2178 mihi
522 2113 697 2197 gaudeam.
743 2112 939 2178 Amicorum
964 2113 1150 2178 commodis
1174 2133 1241 2177 non
1267 2115 1376 2179 minus
1403 2136 1442 2181 ac
1469 2115 1552 2179 meis

189 2219 329 2303 propriis
345 2217 486 2283 libenter
500 2218 604 2283 laetari
621 2217 719 2282 soleo.

256 2323 308 2386 De
333 2342 387 2386 me
410 2321 473 2386 hoc
498 2331 630 2387 tantum
646 2321 705 2387 tibi
722 2320 831 2385 dicere
856 2340 1002 2405 possum,
1022 2340 1076 2384 me
1101 2321 1166 2386 Dei
1190 2319 1351 2386 beneficio
1372 2322 1405 2386 in
1431 2343 1465 2387 re
1481 2343 1550 2387 me-

189 2426 291 2490 diocri
318 2426 371 2491 uel
398 2427 484 2491 ultra
510 2427 611 2491 etiam
635 2425 898 2490 mediocritatem
928 2425 1033 2509 Prage
1060 2426 1172 2490 uiuere
1198 2434 1232 2490 et
1257 2435 1363 2490 artem
1387 2427 1551 2492 medicam

189 2551 350 2596 exercere.
397 2530 510 2598 Senex
541 2527 608 2594 fere
637 2550 778 2593 uxorem
808 2529 916 2608 duxi;
949 2539 984 2593 et
1013 2528 1149 2612 quidem
1180 2528 1339 2593 diuinitus
1367 2529 1447 2595 mihi
1474 2553 1552 2596 con-

189 2634 318 2698 ciliatus
340 2634 400 2698 has
423 2635 556 2719 nuptias
579 2654 646 2699 non
669 2653 805 2717 possum
829 2632 990 2710 dubitare,
1005 2653 1081 2697 cum
1097 2654 1118 2697 a
1134 2633 1208 2717 Deo
1231 2633 1405 2716 petiuerim
1425 2635 1552 2702 bonum

189 2738 389 2821 coniugium,
404 2748 438 2802 et
452 2738 549 2803 huius
565 2738 690 2802 donum
707 2757 780 2800 esse
798 2735 862 2800 hoc
881 2736 983 2801 sciam
1004 2735 1165 2800 referente
1180 2736 1281 2801 etiam
1296 2737 1446 2821 sapiente
1462 2760 1551 2825 rogo.

189 2840 355 2907 Caeterum
379 2862 437 2906 oro
460 2852 621 2906 aetemum
646 2842 756 2906 Deum
780 2850 818 2906 ut
840 2850 873 2905 te
897 2839 1037 2923 Reipub.
1061 2849 1244 2918 conseruet,
1265 2860 1332 2924 que
1354 2842 1402 2906 tui
1426 2843 1551 2909 similes

188 2964 253 3027 que
269 2965 392 3028 paucos
407 2944 529 3010 habeat
544 2945 652 3010 audeo
667 2944 784 3024 dicere,
799 2953 834 3008 et
849 2953 961 3008 tamen
980 2942 1115 3008 cuilibet
1131 2942 1223 3007 nullo
1238 2964 1385 3028 unquam
1402 2955 1552 3031 tempore

189 3049 295 3130 magis
311 3049 373 3113 fuit
388 3069 480 3133 opus,
495 3069 597 3133 quam
619 3049 652 3113 in
673 3049 735 3113 hac
758 3047 985 3113 uicissitudine
1007 3067 1117 3111 rerum
1141 3046 1290 3111 omnium
1315 3047 1396 3112 dum
1422 3050 1550 3116 ruinam

188 3153 300 3215 omnia
317 3153 484 3216 minantur
499 3163 533 3216 et
548 3154 727 3217 interitum.
1364 3151 1365 3155 ’

254 3255 353 3319 Noua
368 3257 395 3319 si
411 3277 475 3340 que
491 3256 544 3320 hic
560 3266 638 3320 sunt
658 3277 702 3320 ex
726 3255 843 3321 illustri
860 3264 893 3320 et
907 3275 1069 3339 generoso
1086 3254 1126 3318 D.
1145 3254 1275 3318 Barone
1295 3254 1369 3337 Joh.
1387 3256 1551 3341 Dionysio

187 3357 286 3422 fratre
309 3358 436 3423 domini
461 3358 572 3425 Caroli
597 3359 754 3442 Zcrotinij
777 3359 880 3424 nostri
904 3379 1093 3442 cognosces.
1138 3356 1383 3422 Commendare
1397 3359 1458 3424 tibi
1474 3381 1559 3426 eum.

188 3460 267 3525 nihil
284 3463 410 3527 attinet.
457 3463 570 3528 Genus
585 3473 620 3528 et
635 3463 766 3527 heroica
782 3465 885 3547 ipsius
900 3461 1029 3526 indoles
1049 3461 1152 3525 dubio
1171 3462 1285 3546 procul
1301 3483 1377 3527 eum
1393 3463 1454 3528 tibi
1470 3467 1550 3529 satis

187 3566 478 3632 commendabunt.
539 3567 629 3631 Bene
662 3578 696 3632 et
729 3567 867 3632 feliciter
899 3566 974 3632 uale
1009 3565 1212 3630 nobilissime
1242 3567 1376 3631 domine
1406 3567 1550 3634 Schinae

187 3670 292 3733 amice
307 3681 401 3734 vetus
426 3691 465 3734 ac
491 3670 706 3735 obseruande.
754 3670 920 3735 Dominus
940 3671 1033 3735 Deus
1057 3680 1091 3735 te
1108 3681 1142 3734 et
1160 3690 1277 3734 omnes
1302 3680 1375 3735 tuas
1400 3673 1549 3737 actiones

187 3782 348 3856 perpetuo
362 3773 524 3858 gubernet
535 3784 569 3838 et
581 3774 781 3839 incolumem
793 3773 850 3840 diu
866 3782 1047 3839 conseruet
1089 3774 1190 3838 Datae
1206 3775 1322 3857 Pragae
1343 3791 1381 3855 14
1397 3774 1550 3860 Septem-

149 3873 153 3882 '
187 3873 254 3938 bris
274 3889 309 3956 15
338 3889 363 3956 5.

606 3964 670 4029 Tui
686 3965 918 4030 obseruantiss.

659 4116 667 4125 -
773 4068 977 4135 Venceslaus
995 4069 1155 4145 Lauinius

1068 4170 1135 4239 An.
1159 4172 1482 4241 Rosnnnnnorcus

359 4325 544 4391 Nobilitate
589 4328 711 4392 virtute
747 4337 781 4392 et
818 4327 1003 4394 eruditione
1044 4328 1257 4410 praestantiss.
1298 4328 1437 4393 domino
1473 4316 1546 4412 Joh

294 4426 450 4494 Schinaeo
476 4430 684 4496 Serenissimi
711 4432 798 4514 regis
824 4431 947 4498 Scotiae
974 4431 1161 4496 consiliario
1186 4431 1322 4515 digniss.
1351 4431 1490 4498 domino
1514 4444 1547 4500 et

293 4532 402 4596 amico
416 4533 519 4598 veteri
534 4554 573 4598 ac
588 4535 766 4618 plurimum
782 4535 999 4601 observando.
1275 4535 1481 4621 Eidinburgi.

850 4652 884 4705 W
