4110 5844
509 624 571 705 ¹7⁶
899 630 933 663 ¹-
996 629 1211 686 uersuum
1234 632 1296 686 uo.
1319 631 1355 685 tr
1432 627 1434 630 ‘

504 797 615 881 quoad
642 817 700 861 eos
726 814 920 880 progressus
945 804 1059 859 nostra
1084 794 1216 859 fecisset
1241 794 1403 859 industria
1428 803 1466 859 vt
1491 813 1552 858 sua
1574 795 1697 860 virtute
1721 760 1870 859 nostram

408 982 412 987 ¹
505 902 702 968 tenuitatem
727 909 913 964 sustentare
938 908 1051 983 posset
1070 908 1105 963 et
1131 897 1232 962 libere
1252 895 1397 981 profiteri
1422 898 1605 962 audierem:
1628 908 1700 963 tum
1727 898 1793 963 alib
1816 918 1872 964 me

504 1004 687 1071 conferrem
701 1012 739 1069 vt
754 1023 805 1067 res
820 1011 1019 1086 tempusque
1033 1000 1241 1085 postularent
1254 999 1318 1064 hoc
1333 1000 1360 1064 si
1377 999 1435 1065 fiat
1458 1003 1504 1066 ita
1526 1010 1560 1066 te
1573 1003 1716 1081 videam,
1729 1010 1767 1066 vt
1789 1000 1870 1068 mihi

504 1108 630 1193 gratius
653 1107 734 1171 nihil
757 1115 871 1190 posset
890 1105 1050 1184 accidere,
1065 1105 1241 1187 Tuamque
1262 1103 1517 1188 amplitudinem
1535 1105 1631 1189 (mihi
1654 1105 1765 1189 crede)
1781 1106 1871 1170 illus-

505 1212 607 1278 trabit
621 1222 658 1276 vt
671 1231 748 1275 cum
765 1210 808 1275 ab
823 1208 979 1274 omnibus
993 1208 1182 1274 absentium
1204 1211 1300 1272 iuxta
1320 1210 1533 1291 praeseutium
1557 1211 1740 1274 amicorum
1756 1229 1869 1274 curam

505 1335 618 1400 gerere
635 1315 877 1399 praedicaberis,
892 1314 926 1378 in
945 1333 1029 1397 quos
1045 1312 1202 1397 praeclare
1221 1311 1323 1377 stabit
1339 1313 1511 1391 Isocrates,
1527 1312 1557 1380 ὁι
1573 1318 1690 1399 φαυλοι
1706 1340 1871 1400 παροντας

505 1422 619 1509 pibone
646 1447 746 1502 μονον
774 1421 914 1500 τιμῶσιν,
943 1415 1093 1493 &noviore
1118 1415 1154 1486 δέ
1180 1412 1230 1487 riu
1255 1443 1385 1502 μαχραν
1411 1412 1554 1491 ἆποντας
1576 1414 1735 1503 ἀγαπῶσι.
1785 1417 1870 1482 Haec
1931 1432 1938 1447 ·

505 1523 665 1589 hactenus
688 1542 755 1586 non
778 1524 869 1604 quod
890 1521 1045 1585 diffidens
1060 1531 1119 1586 tuo
1135 1522 1168 1584 in
1185 1540 1239 1584 me
1254 1518 1408 1598 adfectui,
1422 1529 1458 1584 vt
1477 1522 1529 1585 cui
1546 1521 1626 1586 nihil
1643 1521 1675 1585 in
1694 1523 1786 1586 omni
1800 1524 1871 1587 vita

504 1628 713 1711 propositum
734 1626 796 1690 erit
816 1625 932 1709 magis,
947 1644 1048 1707 quarn
1067 1633 1104 1689 vt
1124 1624 1274 1706 quotidie
1290 1624 1529 1703 vehementius,
1545 1635 1579 1690 te
1595 1625 1644 1689 -de
1667 1644 1721 1690 me
1743 1625 1870 1710 optime

505 1726 659 1795 meritum
676 1749 748 1794 esse
763 1728 883 1806 laetere,
898 1730 956 1792 scd
973 1729 1018 1793 rei
1035 1728 1232 1811 magnitudo
1248 1748 1302 1792 me
1324 1737 1447 1805 monet,
1462 1737 1496 1792 et
1518 1748 1591 1792 sera
1613 1731 1815 1812 parsimonia
1836 1731 1869 1794 in

505 1834 610 1899 iundo
624 1844 683 1898 est
730 1828 816 1897 Novi
833 1832 969 1916 quidam
982 1832 1124 1897 scribam
1137 1832 1261 1914 regiam
1273 1831 1395 1914 angliae
1406 1832 1510 1914 (quod
1523 1831 1625 1915 absit)
1637 1832 1713 1898 fatis
1723 1835 1870 1913 cessisse,

505 1939 539 2003 id
574 1939 601 2003 si
638 1957 762 2015 verum,
798 1937 878 2019 quin
916 1935 1077 2001 haetenus
1113 1935 1304 1999 audiveritis
1341 1954 1407 1998 non
1445 1935 1572 2014 dubito,
1606 1946 1641 2001 at
1679 1937 1870 2021 Philippum

507 2042 735 2126 Hispanorum
763 2060 874 2124 regem
904 2059 1096 2124 supremum
1126 2038 1263 2115 obiisset
1288 2038 1377 2102 diem
1404 2049 1482 2104 suut
1511 2039 1568 2122 qui
1598 2041 1688 2124 apud
1718 2061 1779 2105 nos
1809 2062 1870 2126 pro

504 2156 596 2211 certo
632 2144 817 2222 adfirment,
854 2144 923 2209 sub
954 2145 1046 2208 cuius
1091 2155 1242 2222 mortem,
1278 2143 1418 2208 classem
1459 2144 1628 2226 ingentem
1666 2146 1700 2209 in
1739 2145 1870 2228 Anglos

505 2259 705 2334 provectam,
718 2247 809 2332 justo
824 2248 889 2312 Dei
902 2247 1029 2331 judicio
1043 2256 1163 2311 exorta
1177 2247 1366 2331 pestilentia
1380 2257 1415 2313 et
1435 2247 1512 2312 tabe
1535 2247 1617 2312 mire
1638 2248 1812 2331 disjectam
1835 2258 1870 2314 et

504 2352 663 2418 afflictam
686 2373 759 2417 esse
781 2353 978 2436 persuadere
1001 2350 1098 2415 nobis
1119 2361 1290 2430 conantur,
1305 2371 1446 2433 quorum
1469 2362 1628 2435 suggestu
1650 2362 1685 2417 et
1707 2353 1869 2436 imprimis

506 2454 650 2520 Liddelii
675 2455 738 2519 ista
762 2453 884 2518 scribo:
910 2454 1001 2517 Bene
1025 2453 1126 2537 igitur
1146 2453 1230 2531 vale,
1248 2475 1290 2518 ne
1312 2455 1398 2520 forte
1421 2454 1626 2539 gravioribus
1649 2455 1700 2539 (vt
1722 2476 1783 2540 par
1803 2457 1868 2541 est)

504 2559 656 2623 districto
683 2556 842 2621 molestus
869 2557 941 2634 sim,
967 2566 1001 2621 et
1027 2554 1100 2619 illas
1129 2560 1419 2623 commendatitias
1449 2577 1550 2641 quam
1580 2560 1724 2644 primum
1755 2562 1869 2626 mittas

504 2660 614 2739 velim,
628 2660 685 2725 ubi
701 2660 728 2724 si
752 2670 786 2725 te
808 2659 889 2724 mihi
911 2659 1125 2724 commodum
1148 2660 1324 2740 dederis,a
1345 2671 1379 2728 te
1400 2662 1515 2727 omnia
1538 2661 1670 2728 habebo
1687 2673 1722 2728 et
1744 2663 1869 2727 divitiis

504 2765 669 2849 superabo
695 2764 840 2849 crassim.
888 2764 1013 2828 Iterum
1039 2764 1113 2828 vale
1139 2773 1173 2828 ct
1202 2765 1310 2844 uxori,
1336 2765 1561 2831 selectissimae
1590 2766 1636 2829 illi
1667 2765 1800 2830 leminae
1825 2766 1869 2831 de

505 2868 601 2933 nobis
617 2869 862 2953 lmperpetuum
878 2866 964 2933 bene
979 2869 1114 2945 meritae,
1129 2877 1164 2931 et
1178 2866 1289 2932 liberis
1304 2870 1370 2933 tuis
1384 2889 1430 2933 ex
1446 2888 1500 2933 me
1521 2867 1703 2934 officiosam
1726 2869 1868 2936 salutem

504 2971 607 3040 dicito
626 2974 679 3038 cui
695 2983 729 3038 te
744 2974 800 3037 diu
816 2973 945 3038 salvum
962 2981 1098 3057 praestet
1112 2982 1146 3037 et
1162 2973 1362 3038 incolumem
1377 2973 1527 3038 divinum
1542 2974 1680 3038 innuen:

501 3174 507 3186 .
680 3092 767 3157 Haec
793 3093 913 3177 raptim
936 3103 971 3157 et
994 3091 1105 3158 subito
1126 3091 1286 3159 offerente
1311 3113 1347 3158 se
1372 3092 1545 3159 tabellario
1566 3092 1623 3176 qui
1648 3091 1867 3158 Rostochium

613 3198 764 3262 tenderet
784 3199 822 3262 16
836 3195 926 3281 Julij.
993 3282 996 3287 Ι

926 3316 1043 3390 ,Tuae
1066 3316 1251 3402 prudentiae

1089 3435 1400 3504 observantissimus
1421 3436 1524 3502 cliens

1297 3536 1300 3541 ⁴
1360 3555 1585 3624 Gummuus
1606 3556 1803 3650 susumus

1162 3765 1209 3828 18.

570 3891 686 3957 Gratia
724 3890 788 3956 Dei
818 3900 852 3955 et
883 3889 990 3956 Patris
1026 3887 1150 3956 Christi
1187 3890 1230 3957 sit
1266 3911 1343 3957 eum
1380 3901 1439 3958 tua
1467 3892 1631 3976 dignitate
1661 3891 1695 3958 in
1732 3912 1867 3959 omnem

700 3995 929 4059 aeternitatem.

570 4115 788 4199 Amplissime
804 4134 844 4178 ac
859 4113 1048 4179 nobilisime
1063 4113 1210 4179 Domine
1224 4115 1252 4179 si
1267 4135 1335 4180 una
1356 4135 1433 4180 cum
1456 4125 1515 4180 tua
1537 4115 1663 4182 familia
1677 4116 1869 4183 valetudine

503 4238 605 4302 quam
632 4221 760 4303 optima
785 4238 828 4282 eo
852 4218 1020 4303 praeditus,
1042 4227 1077 4282 et
1102 4217 1188 4282 felici
1212 4237 1320 4282 rerum
1346 4239 1498 4284 successu
1524 4222 1673 4285 exanimi
1702 4222 1869 4286 sententia

505 4322 619 4386 frueris
636 4323 669 4386 id
686 4322 766 4386 mihi
781 4341 887 4405 usque
901 4320 986 4387 aded
1002 4333 1053 4387 est
1068 4331 1252 4406 acceptum,
1267 4332 1403 4405 tamque
1425 4324 1541 4389 auditu
1561 4324 1756 4408 jucundum,
1771 4334 1809 4388 ut
1825 4344 1868 4389 eo

387 4435 393 4445 '
504 4425 585 4490 mihi
612 4425 692 4489 nihil
719 4427 887 4508 acceptius
918 4426 1064 4508 nihilque
1086 4427 1202 4491 auditu
1223 4425 1402 4510 jucundius
1423 4427 1573 4492 accidere
1594 4438 1709 4511 queat:
1732 4428 1789 4493 Ad
1813 4448 1869 4494 me

503 4550 582 4594 vero
596 4530 687 4612 quod
709 4530 838 4608 attinet,
853 4539 911 4594 tua
929 4529 1135 4616 amplissima
1156 4529 1304 4613 dignitas
1322 4531 1406 4595 sciat
1426 4530 1518 4614 quod
1538 4533 1652 4596 animo
1672 4541 1707 4597 et
1728 4551 1867 4619 corpore
