4110 5844
619 647 785 699 uarrsns
807 646 856 699 ro
878 648 937 699 sm
958 647 1057 714 Jouu
1081 647 1214 701 sxaua
1537 651 1600 719 159

234 816 269 874 et
283 808 519 874 dexteritatem
535 827 688 874 amamus
703 859 710 874 .
726 828 802 893 quae
817 827 862 872 ex
877 808 951 892 ipso
966 807 1060 874 uultu
1076 819 1110 873 et
1124 828 1277 874 sermone
1292 818 1452 893 apparet.
1469 809 1545 875 ideo
1560 820 1598 877 ut

234 933 324 996 saepe
339 910 542 978 nostratibus
564 913 707 979 dixerim
732 911 844 978 Deum
867 913 900 977 in
923 911 1005 976 l‘ocis
1025 912 1089 977 illis
1112 912 1435 996 Septentrionalibus
1455 922 1491 980 et
1511 915 1597 980 occi·

234 1015 423 1082 dentalibus
434 1015 498 1082 hoc
507 1025 622 1081 nostro
633 1015 746 1080 seculo
754 1016 901 1080 excitare
912 1025 947 1080 et
958 1035 1086 1080 semare
1097 1016 1159 1080 sibi
1171 1015 1332 1094 homines,
1341 1017 1399 1100 qui
1408 1017 1597 1101 aliquando,

233 1119 410 1185 orientales
447 1130 482 1184 et
518 1119 751 1184 meridionales
788 1119 940 1184 nationes
980 1139 1025 1184 ex
1064 1117 1258 1184 Babilonica
1294 1120 1504 1204 captiuitate,¹
1530 1122 1598 1188 sint

234 1223 416 1289 liberaturi:
437 1234 471 1289 et
486 1225 574 1289 ueris
596 1222 753 1289 Israelitis
768 1232 886 1288 contra
904 1222 1146 1308 blasphemiam
1167 1232 1201 1290 et
1222 1224 1443 1308 Tyrranidem
1464 1226 1542 1311 Gog
1562 1237 1597 1292 et

236 1328 364 1412 Magog
377 1336 411 1393 et
427 1328 491 1393 Dei
507 1328 602 1393 istius
618 1328 776 1393 Mauseos
790 1348 889 1412 opem
906 1327 1003 1394 laturi
1019 1329 1053 1393 in
1077 1328 1179 1392 modo
1200 1328 1266 1393 ista
1286 1339 1434 1394 monstra
1454 1340 1488 1395 et
1510 1329 1597 1396 seces

234 1431 394 1499 Sathanae
409 1433 452 1497 de
467 1430 587 1516 quibus
603 1442 637 1496 et
652 1443 688 1497 tu
703 1451 837 1516 quoque
852 1433 885 1496 in
900 1431 1004 1498 literis
1020 1432 1085 1498 tuis
1107 1434 1317 1516 conquereris
1339 1432 1519 1513 turbarent,
1532 1434 1596 1501 hac

233 1537 353 1601 omnia
400 1534 467 1603 Sed
494 1530 654 1601 turbabit‘
667 1545 702 1601 et
727 1535 788 1601 hos
814 1536 994 1619 aliquando
1021 1535 1187 1601 Dominus
1217 1535 1272 1600 ille
1301 1535 1430 1619 Jehoua
1461 1537 1596 1605 Elohim

232 1640 360 1724 Spiritu
374 1639 556 1724 uertiginis,
571 1648 609 1706 ut
631 1641 665 1704 in
688 1639 856 1724 propriam
879 1640 1059 1723 perniciem
1082 1660 1177 1705 suam
1200 1641 1333 1706 turbata
1353 1662 1441 1725 aqua
1463 1643 1596 1726 ipsimet

233 1745 266 1809 in
282 1765 322 1809 ea
337 1753 539 1827 merguntur.

300 1847 377 1914 Hoc
392 1865 480 1912 nunc
495 1847 572 1912 dico
587 1847 698 1912 Deum
714 1847 840 1931 aliquid
855 1846 1021 1931 singulare
1041 1847 1195 1912 meditari
1218 1849 1250 1911 in
1266 1847 1330 1912 hoc
1352 1848 1441 1913 bello
1463 1851 1596 1930 turcico,

231 1951 276 2017 ad
299 1952 390 2035 quod
414 1961 485 2017 tam
508 1960 645 2016 remotae
668 1961 784 2034 gentes
807 1951 965 2035 singulari
988 1951 1060 2016 zelo
1083 1950 1148 2015 Dei
1171 1951 1258 2035 pulsi
1280 1951 1368 2017 ultro
1390 1970 1451 2018 sua
1469 1953 1595 2019 auxilia

232 2055 384 2134 offerunt,
403 2055 506 2122 ueluti
525 2056 754 2121 serenissimus
774 2056 852 2120 Rex
872 2064 949 2121 tuus
968 2065 1003 2120 et
1023 2055 1284 2120 Moscouitarum
1306 2057 1463 2142 Princeps
1478 2106 1486 2123 .
1500 2056 1596 2142 cujus

231 2159 473 2245 amplissimam
498 2159 699 2244 legationem
726 2179 801 2224 cum
827 2158 926 2224 donis
950 2159 1109 2224 maximis
1135 2179 1200 2244 que
1223 2159 1351 2244 aliquot
1374 2170 1498 2226 tunnus
1524 2162 1595 2227 auri

231 2273 398 2348 superant
429 2264 595 2328 Dominus
607 2263 772 2330 Stuardus
787 2272 895 2330 vester
910 2262 963 2328 hic
980 2264 1096 2348 Pragae
1111 2263 1205 2342 uidit,
1216 2273 1250 2329 et
1266 2284 1286 2328 a
1301 2284 1356 2329 me
1370 2263 1525 2329 hesterna
1540 2265 1595 2331 die

231 2368 275 2433 ad
293 2388 351 2432 eos
374 2367 537 2433 deductus
553 2366 624 2447 suit,
638 2368 681 2432 de
696 2376 834 2452 captaa
857 2367 1054 2434 Caesereano
1077 2366 1183 2433 milite
1205 2366 1295 2432 Arce
1317 2367 1538 2452 Strigoniensi
1560 2369 1594 2434 in

233 2471 417 2556 Hungaria,
432 2480 466 2537 et
481 2471 523 2536 de
538 2472 709 2556 occupatis
724 2471 798 2535 aliis
813 2470 918 2536 tribus
933 2469 1173 2537 munitionibus
1191 2470 1292 2537 etiam
1311 2492 1331 2537 a
1353 2472 1459 2537 milite
1481 2482 1596 2538 nostro

232 2576 266 2640 in
278 2575 422 2654 croatia,
433 2584 468 2640 et
477 2576 572 2640 caesis
587 2575 662 2660 plus
675 2596 776 2660 quam
786 2577 902 2641 decem
919 2574 1065 2640 millibus
1076 2586 1243 2640 turcarum
1259 2627 1266 2642 .
1283 2576 1367 2641 adeo
1378 2585 1416 2642 ut
1427 2575 1490 2641 hoc
1505 2597 1595 2643 anno

230 2693 283 2763 95,
298 2688 464 2745 turcarum
481 2688 550 2744 tam
566 2700 587 2744 a
601 2690 716 2745 nostro
730 2699 832 2764 quam
847 2700 869 2744 a
886 2679 1108 2760 Transyluani
1124 2679 1229 2745 milite
1247 2680 1334 2745 ultra
1353 2681 1595 2765 quinquaginta

231 2783 336 2849 millia
360 2784 479 2849 saltem
506 2784 540 2848 in
564 2783 635 2850 acie
659 2785 786 2868 periare
809 2784 925 2868 paucis
954 2784 1075 2848 nostris
1106 2782 1171 2848 Dei
1200 2784 1358 2868 singulari
1388 2785 1595 2868 protectione

230 2888 433 2954 desideratis
480 2887 552 2953 Nos
578 2888 691 2972 itaque
719 2887 774 2952 hic
803 2906 920 2952 omnes
947 2886 1019 2970 jam
1045 2907 1066 2950 a
1095 2887 1238 2953 triennio
1263 2888 1297 2952 in
1324 2888 1496 2972 procinctu
1521 2909 1595 2954 esse

230 2992 391 3077 cogimus,
405 3002 440 3058 et
454 2991 529 3076 plus
544 3012 637 3057 arma
651 3012 752 3076 quam
768 2991 879 3057 literas
894 2999 929 3057 et
944 3011 1056 3057 musas
1071 2991 1240 3072 meditari;
1261 2994 1320 3057 sed
1336 2991 1408 3057 haec
1426 2991 1594 3060 hactenus

297 3095 351 3161 De
374 3095 564 3161 felicissimo
594 3115 703 3162 rerum
733 3104 866 3161 tuarum
895 3104 995 3175 statu,
1021 3114 1153 3160 summa
1182 3117 1257 3161 cum
1288 3097 1391 3161 animi
1420 3096 1594 3182 uoluptate

230 3200 381 3284 cognoui.
419 3199 508 3266 Vere
523 3220 602 3284 ergo
614 3200 787 3266 beatitudo
802 3198 859 3266 illa
873 3221 894 3264 a
910 3199 1019 3283 Regio
1035 3199 1202 3284 Propheta
1218 3199 1313 3265 Psal:
1332 3202 1392 3265 128
1407 3201 1594 3282 decantata,

230 3303 290 3371 tibi
306 3304 466 3369 diuinitus
481 3304 622 3389 contigit
637 3354 644 3369 .
660 3304 694 3368 in
709 3324 777 3388 qua
790 3312 829 3371 ut
843 3304 904 3370 tibi
919 3304 1076 3369 dominus
1094 3303 1187 3368 Deus
1202 3303 1246 3369 ad
1261 3303 1416 3369 ultimum
1431 3304 1511 3370 uitae
1525 3314 1593 3371 tuae

229 3408 426 3473 curriculum
442 3408 619 3473 benedicat
632 3428 709 3473 eum
725 3429 770 3474 ex
785 3408 898 3473 animo
914 3429 1037 3493 precor.

296 3512 350 3578 De
365 3531 514 3578 mearum
530 3532 638 3576 rerum
650 3521 740 3578 statu
752 3512 845 3591 scito,
856 3532 911 3576 me
923 3520 999 3596 post
1010 3510 1128 3595 longas
1139 3509 1213 3576 illas
1223 3511 1414 3595 quindecim
1429 3531 1592 3578 annorum

229 3615 512 3699 peregrinationes
541 3616 724 3700 peragratis
755 3634 841 3698 pene
868 3615 1043 3699 praecipuis
1074 3613 1270 3698 Europiacis
1297 3614 1424 3698 Regnis
1449 3624 1593 3700 excepta

229 3729 341 3784 uestra
365 3719 479 3784 Scotia
502 3728 536 3783 et
562 3718 736 3802 Hispania,
761 3718 863 3783 etiam
884 3718 918 3782 in
943 3716 1060 3782 Asiam
1087 3718 1284 3796 excurrisso,
1306 3717 1363 3783 ubi
1388 3727 1423 3784 et
1449 3739 1510 3783 nos
1534 3740 1595 3804 per

229 3823 341 3889 literas
364 3832 403 3887 ut
425 3822 489 3887 scis
513 3821 738 3888 salutauimus.
785 3819 863 3904 Quo
886 3819 966 3886 sane
990 3822 1023 3886 in
1048 3820 1123 3886 loco
1145 3841 1222 3885 cum
1246 3841 1307 3905 per
1328 3821 1592 3907 quinquennium

229 3925 273 3992 ab
292 3937 424 3992 oratore
447 3926 601 3993 Caesareo
624 3935 659 3990 et
682 3923 726 3990 ab
748 3925 820 4010 ipsa
843 3925 1017 3990 maiestate
1040 3924 1194 3989 Caesarea
1216 3923 1391 4005 detinerer,
1409 3936 1445 3993 et
1467 3925 1593 3993 diutius

228 4033 330 4098 etiam
341 4030 482 4096 detineri
493 4029 668 4109 debebam,
682 4027 797 4093 oblata
811 4029 945 4112 insuper
960 4027 1041 4092 mihi
1057 4047 1117 4111 spe
1131 4026 1278 4093 obeundi
1292 4029 1439 4094 muneris
1452 4031 1593 4095 oratoris

229 4157 287 4202 seu
316 4135 418 4221 legati
447 4134 600 4212 Caesarei,
626 4133 728 4199 malui
762 4133 873 4217 potius
903 4132 1006 4197 Domi
1036 4136 1120 4197 meae
1150 4131 1284 4211 Arator,
1308 4152 1410 4216 quam
1442 4133 1592 4200 ibidem
1703 4220 1706 4225 .

229 4238 353 4306 Orator
375 4237 454 4317 fieri,
468 4247 503 4302 et
524 4237 631 4303 bobus
653 4237 800 4322 paternis
820 4246 859 4302 ut
882 4236 1043 4301 Horatius
1065 4234 1156 4301 canit
1177 4244 1316 4321 patema
1335 4237 1489 4303 excolere
1508 4257 1593 4318 rura,

228 4342 409 4428 proculque
439 4350 586 4407 remotus
615 4341 732 4407 talium
762 4340 806 4406 ab
831 4339 924 4407 aulis.
951 4360 1080 4405 reverso
1103 4360 1183 4425 ergo
1209 4339 1291 4405 mihi
1321 4340 1355 4406 in
1386 4340 1593 4421 Bohemiam,

229 4466 289 4511 sua
310 4446 390 4511 M⁸¹¹²
412 4445 565 4512 Caesarea
583 4444 705 4511 obtulit
723 4455 759 4511 et
776 4444 925 4527 injunxit
943 4443 1133 4510 Sessionem
1149 4443 1183 4509 in
1199 4443 1327 4510 Senatu
1342 4444 1591 4529 appelationum

231 4548 339 4632 Regni
355 4547 537 4627 Bohemici,
551 4548 584 4613 in
599 4568 667 4632 quo
681 4547 791 4614 adhuc
806 4547 924 4612 haereo.
