4110 5844
499 652 539 718 14
1001 650 1127 702 sunus
1148 651 1197 704 or
1218 650 1352 704 sunus.

439 801 444 808 ²
559 809 634 876 'l’he
654 809 782 893 history
795 808 836 874 of
852 809 910 875 the
929 810 1055 894 family,
1069 832 1108 876 so
1122 811 1173 876 sar
1186 832 1224 878 as
1239 810 1265 876 it
1280 810 1308 876 is
1322 809 1427 895 really
1441 809 1544 875 based
1567 829 1611 875 on
1634 809 1776 876 services
1791 807 1857 872 and

496 923 631 991 retours,
656 934 866 978 commences
896 912 929 979 in
961 914 1019 980 the
1048 915 1138 999 reign
1170 914 1210 980 ol
1236 915 1330 999 King
1360 914 1486 978 Robert
1518 914 1631 993 Bmce,
1660 912 1727 979 and
1765 912 1792 976 is
1822 933 1860 976 as

496 1015 638 1081 sonem·
946 1122 1173 1188 1.-Rom·:nr
1195 1136 1245 1187 nn
1268 1120 1408 1188 Ssuus

563 1240 603 1305 In
629 1255 709 1322 1317
740 1240 783 1305 he
809 1240 957 1306 received
984 1241 1042 1306 the
1067 1241 1237 1326 following
1262 1240 1393 1306 charter
1417 1240 1502 1305 from
1531 1240 1624 1324 King
1649 1238 1776 1305 Robert
1802 1238 1860 1304 the

500 1343 604 1409 Bruce
618 1368 671 1410 :-
784 1373 789 1382 ·

561 1449 758 1514 “Robertus
789 1449 852 1513 Dei
883 1448 995 1533 gracia
1022 1449 1098 1514 Rex
1127 1449 1303 1515 Scotorum
1331 1447 1498 1514 Omnibus
1528 1447 1641 1533 probis
1669 1446 1860 1511 hominibus

496 1551 599 1617 totius
614 1561 720 1617 terrae
735 1572 804 1617 suae
821 1552 981 1620 Salutem.
1003 1552 1124 1619 Sciatis
1139 1573 1201 1617 nos
1215 1552 1356 1631 dedisse,
1371 1551 1574 1616 concessisse
1588 1562 1622 1617 et
1637 1551 1699 1616 hac
1714 1548 1859 1636 presenti

495 1665 588 1721 certa
616 1664 730 1720 nostra
758 1653 972 1721 confirmasse
1002 1655 1152 1721 Roberto
1182 1656 1294 1723 Skene
1323 1656 1446 1720 dilecto
1471 1664 1505 1720 et
1536 1653 1625 1719 fideli
1655 1663 1770 1720 nostro
1799 1673 1860 1738 pro

495 1757 655 1843 homagio
676 1769 710 1823 et
730 1758 869 1823 semicio
888 1779 959 1838 suo,
978 1780 1096 1825 omnes
1116 1769 1150 1825 et
1170 1758 1318 1844 singulas
1340 1768 1443 1824 terras
1466 1768 1595 1824 nostras
1617 1757 1672 1825 del
1693 1757 1806 1825 Sirene
1826 1763 1860 1823 et

496 1861 605 1927 lacum
635 1861 785 1947 ejusdem
816 1883 892 1927 cum
923 1863 1135 1946 pertinenciis
1162 1862 1247 1928 inira
1277 1863 1557 1953 Vicecomitatum
1587 1862 1642 1927 del
1673 1861 1861 1928 Aberdene.

496 1965 675 2030 Tenendas
701 1976 736 2031 et
764 1965 948 2031 Habendas
973 1967 1065 2032 dicto
1093 1967 1243 2032 Roberto
1268 1977 1303 2032 et
1332 1965 1509 2032 heredibus
1535 1966 1603 2031 suis
1628 1968 1672 2031 de
1701 1964 1798 2031 nobis
1826 1973 1861 2030 et

496 2068 672 2134 heredibus
698 2070 819 2134 nostris
845 2071 879 2135 in
905 2091 1005 2135 vnam
1033 2072 1196 2154 integram
1220 2080 1254 2136 et
1281 2069 1418 2135 liberam
1442 2069 1620 2134 Baroniam
1647 2069 1681 2134 in
1706 2068 1805 2134 feodo
1826 2076 1861 2133 et

495 2172 680 2238 hereditate
702 2173 735 2238 in
758 2184 955 2258 perpetuum
978 2195 1054 2239 cum
1083 2175 1173 2240 furca
1199 2184 1233 2240 et
1259 2173 1349 2239 fossa
1374 2195 1431 2240 soc
1453 2184 1488 2239 et
1509 2193 1566 2238 sac
1592 2172 1662 2239 thol
1688 2182 1723 2238 et
1748 2170 1861 2238 theme

496 2275 755 2360 inlangandthei
776 2286 810 2342 et
839 2278 1123 2362 outfangandthes
1147 2289 1181 2345 et
1211 2299 1271 2361 per
1298 2298 1416 2342 omnes
1441 2286 1548 2342 rectas
1577 2277 1731 2360 antiquas
1754 2286 1861 2341 metas

496 2389 530 2446 et
543 2380 667 2446 divisas
687 2401 764 2445 suas
779 2381 813 2445 in
829 2381 1038 2464 longitudine
1052 2392 1087 2447 et
1105 2382 1280 2448 latitudine
1296 2383 1329 2445 in
1346 2381 1455 2446 boscis
1478 2380 1585 2464 planis
1606 2379 1710 2464 pratis
1730 2378 1861 2473 pascuis

495 2498 529 2550 et
544 2486 687 2568 pasturis
702 2483 793 2551 silvis
809 2486 909 2551 moris
923 2497 959 2550 et
974 2486 1121 2550 maresiis
1136 2487 1198 2550 viis
1213 2486 1340 2550 semitis
1358 2485 1453 2568 aquis
1472 2493 1506 2549 et
1525 2483 1653 2567 stagnis
1669 2484 1702 2548 in
1722 2482 1862 2547 mollen-

494 2589 582 2654 dinis
616 2589 767 2654 multuris
797 2600 831 2655 et
861 2609 975 2655 eorum
1013 2590 1156 2674 sequelis
1186 2591 1219 2654 in
1250 2588 1528 2673 aucupationibus
1557 2587 1790 2654 venationibus
1827 2594 1863 2651 et

495 2693 643 2778 piscariis
658 2703 692 2759 et
707 2713 783 2758 cum
802 2695 958 2759 omnibus
973 2694 1046 2758 aliis
1063 2692 1270 2759 libertatibus
1289 2691 1584 2758 commoditatibus
1603 2691 1807 2758 aisiamentis
1821 2711 1862 2756 ac
1956 2693 1960 2702 '

493 2796 592 2882 justis
607 2797 849 2881 pertinentibus
862 2797 1116 2882 quibuscunque
1132 2809 1204 2863 tam
1219 2818 1285 2863 non
1309 2796 1490 2862 nominatis
1505 2815 1606 2880 quam
1623 2795 1803 2861 nominatis
1817 2794 1861 2860 ad

494 2901 602 2968 dictas
621 2913 725 2966 terras
746 2911 781 2967 et
803 2901 912 2966 lacum
933 2921 1010 2966 cum
1033 2901 1275 2986 pertinentibus
1297 2900 1525 2985 spectantibus
1544 2920 1603 2964 seu
1623 2899 1863 2984 quoquomodo

491 3004 582 3090 juste
602 3015 752 3089 spectare
774 3003 960 3070 valentibus
983 3006 1015 3069 in
1037 3005 1195 3071 futurum
1219 3005 1388 3070 Faciendo
1413 3004 1491 3069 inde
1511 3003 1607 3069 nobis
1630 3013 1664 3069 et
1686 3001 1868 3068 heredibus

495 3107 616 3172 nostris
636 3108 746 3173 dictus
762 3107 929 3174 Robcrtus
944 3119 978 3173 et
993 3108 1130 3173 heredes
1153 3108 1203 3173 sui
1226 3108 1377 3193 quolibet
1396 3129 1486 3173 anno
1506 3107 1750 3192 imperpetuum
1771 3126 1862 3171 com·

496 3231 631 3279 munem
653 3222 779 3277 sectam
802 3213 892 3277 curie
918 3214 960 3277 ad
988 3212 1111 3297 placita
1133 3222 1247 3278 nostra
1272 3213 1523 3278 vicecomitatus
1547 3211 1602 3277 del
1625 3211 1804 3278 Aberdene
1828 3220 1862 3276 et

416 3390 417 3393 Ἴ
495 3316 529 3382 in
555 3315 704 3381 exercitu
730 3327 845 3382 nostro
876 3316 1090 3383 Scoticanum
1116 3317 1291 3382 servicium
1318 3338 1379 3401 pro
1405 3316 1497 3381 omni
1524 3316 1590 3381 alio
1617 3313 1755 3381 servicio
1783 3335 1862 3380 con·

494 3418 671 3486 suetudine
693 3421 824 3485 actione
846 3440 904 3485 seu
926 3420 1095 3486 demanda
1117 3441 1204 3504 quae
1225 3422 1269 3486 de
1290 3421 1389 3486 dictis
1411 3420 1506 3486 terris
1530 3429 1565 3485 et
1586 3419 1659 3484 lecu
1686 3438 1762 3484 cum
1789 3438 1862 3503 per·

495 3522 678 3589 tinentibus
693 3543 752 3608 per
767 3543 828 3588 nos
842 3524 895 3588 vel
916 3523 1054 3588 heredes
1075 3535 1206 3589 nostros
1226 3524 1318 3609 exigi
1337 3524 1459 3608 poterit
1478 3523 1531 3588 vel
1552 3522 1681 3607 requiri
1704 3523 1744 3588 ln
1767 3521 1862 3607 cujus

495 3627 540 3692 rei
571 3627 800 3692 testimonium
834 3628 979 3712 presenti
1013 3638 1104 3694 carte
1137 3638 1250 3694 nostre
1285 3628 1431 3712 sigillum
1467 3637 1616 3692 nostrum
1654 3625 1862 3711 precepimus

493 3730 626 3816 apponi.
653 3730 811 3796 Testibus
835 3732 1006 3797 Bemardo
1028 3731 1150 3798 abbate
1175 3731 1230 3797 del
1257 3731 1491 3798 Aberbrothoc
1516 3731 1713 3796 cancellario
1739 3739 1863 3809 nostro,

493 3835 627 3902 Tboma
651 3836 820 3920 Ranulphi
843 3837 966 3903 comite
989 3837 1138 3903 Moravie
1160 3847 1195 3904 et
1217 3838 1356 3903 domino
1367 3836 1471 3903 vallis
1487 3836 1646 3902 Anandie
1668 3845 1701 3901 et
1725 3833 1863 3900 Mannie

494 3950 617 4025 nepote
646 3950 769 4019 nostro,
813 3941 964 4006 Waltero
993 3941 1176 4007 senescallo
1204 3941 1330 4020 scocie,
1374 3941 1502 4026 Jacobo
1532 3940 1672 4006 domino
1702 3937 1864 4023 Douglas,

493 4042 693 4108 Alexandro
716 4044 842 4122 Fraser,
873 4044 985 4111 Dauid
1012 4045 1152 4130 Berclay
1189 4055 1223 4111 et
1263 4044 1413 4111 Robcrto
1438 4043 1481 4110 de
1508 4043 1662 4111 Lawider
1693 4041 1862 4109 militibus.

492 4146 598 4232 Apud
622 4146 768 4213 Sconam
791 4148 977 4232 primodie
1001 4149 1087 4234 lunij
1112 4170 1202 4215 anno
1224 4150 1317 4234 regni
1340 4148 1444 4214 nostri
1467 4146 1694 4214 duodecimu'’

557 4251 670 4316 “This
687 4251 815 4318 Robcrt
830 4252 972 4318 married
990 4253 1122 4332 Marion
1140 4254 1277 4333 Mercer,
1292 4253 1458 4337 daughter
1472 4252 1512 4319 ot
1522 4250 1580 4318 the
1596 4252 1706 4317 Ilaron
1722 4250 1762 4315 os
1773 4249 1863 4315 Adie

492 4355 559 4420 and
585 4355 758 4435 Meiklure‚
779 4357 859 4422 then
882 4369 1019 4442 provost
1041 4358 1081 4423 oi
1100 4357 1227 4424 Perth”
1250 4357 1398 4442 (MSD).
1449 4357 1489 4422 ln
1512 4378 1533 4421 a
1555 4366 1674 4435 retour‚
1695 4354 1797 4421 dated
1825 4371 1864 4420 10

492 4458 600 4544 April,
620 4461 711 4541 1629,
729 4459 921 4526 afterwards
943 4461 1078 4546 quoted,
1098 4460 1141 4527 he
1163 4461 1191 4525 is
1212 4461 1285 4527 said
1309 4471 1346 4527 to
1368 4460 1454 4526 have
1473 4459 1550 4526 died
1570 4469 1606 4526 at
1624 4458 1682 4525 the
1704 4477 1807 4545 peace
1828 4454 1868 4522 oi

497 4563 609 4630 David
628 4565 683 4644 11„
698 4564 772 4632 that
787 4565 815 4631 is
830 4565 980 4632 between
1001 4582 1084 4649 1329
1098 4567 1165 4631 and
1186 4581 1275 4649 1370.
