4110 5844
685 615 822 669 VERSES
843 615 893 669 To
914 616 974 668 snt
995 616 1094 682 Jourt
1119 617 1252 670 SKENE.

528 781 684 863 Ignorem
700 777 777 842 licet
791 775 960 860 (extremo
974 778 1065 861 quod
1080 778 1216 843 dissitus
1231 779 1320 858 orbe,

524 884 594 949 Vix
610 881 704 947 hausi
720 881 855 947 latitans
869 891 974 947 tantae
989 881 1170 966 primordia
1185 881 1298 966 famae)

526 987 615 1052 Viva
629 995 743 1051 tamen
758 1004 892 1051 summo
906 985 950 1050 de
965 995 1100 1069 pectore
1115 984 1253 1051 flumina
1267 987 1336 1053 vidi

528 1092 580 1155 Ire
595 1089 763 1155 indefesso
778 1110 837 1173 per
850 1088 940 1154 secla
953 1089 1127 1172 sequentia
1141 1111 1247 1156 cursu.

526 1194 619 1260 Dum
634 1204 784 1259 veterum
800 1194 897 1277 ponis
912 1192 1003 1278 leges
1018 1214 1063 1259 ex
1078 1193 1195 1258 ordine
1211 1195 1355 1280 Regum,

527 1299 613 1384 Quae
629 1308 716 1363 terra
730 1297 855 1382 procul,
869 1307 904 1362 et
919 1317 1008 1361 caeca
1022 1297 1165 1382 caligine
1180 1318 1306 1377 mersae,

527 1402 697 1468 Delituere
711 1401 812 1486 prius,
827 1401 918 1485 picto
932 1400 1075 1465 ludibria
1090 1420 1193 1466 muro.

526 1507 579 1573 Tu
595 1515 708 1571 tamen
724 1525 825 1570 ausus
840 1525 922 1583 eras,
938 1504 1049 1588 regale
1064 1514 1164 1570 notus
1178 1505 1212 1570 in
1228 1505 1313 1585 aula,

526 1610 685 1695 Vndique
701 1607 864 1674 melifluos
880 1608 991 1692 legum
1007 1608 1195 1674 diffundere
1210 1610 1306 1690 rivos,

527 1715 677 1780 Pandere
691 1723 725 1779 et
740 1713 881 1778 obscura
896 1713 1021 1797 primas
1035 1713 1080 1778 ab
1094 1714 1221 1798 origine
1235 1735 1334 1781 voces
1349 1737 1358 1795 ;

526 1819 575 1884 Vt
590 1819 723 1902 Regum
739 1817 890 1896 summis,
903 1827 1004 1900 atque
1019 1817 1094 1882 imis
1107 1817 1200 1901 jussa
1215 1828 1388 1903 paterent:

527 1923 576 1988 Vt
591 1923 709 2001 caedes,
724 1931 760 1987 vt
775 1920 870 2001 furta,
886 1920 964 2000 doli,
978 1920 1205 2006 scelerataque
1220 1922 1374 1988 fraudum

529 2027 689 2111 Impietas
705 2025 921 2109 (horrendum
937 2024 1052 2090 odium
1069 2025 1265 2090 mortalibus
1280 2029 1393 2112 aegris)

528 2130 653 2195 Lurida
668 2128 870 2214 praepetibus
885 2128 1037 2212 sugerent
1052 2129 1115 2193 sub
1130 2138 1254 2194 tartara
1269 2133 1395 2214 pennis.

527 2233 590 2311 Tu,
606 2233 780 2310 SKENAEE,
794 2233 894 2297 doces
909 2240 1037 2315 quanto
1052 2233 1227 2298 conamine
1243 2234 1364 2319 Reges,

528 2335 712 2402 Nobilitate
728 2356 832 2421 pares,
847 2345 881 2400 et
897 2336 987 2400 avito
1002 2336 1174 2420 sanguinis
1188 2346 1274 2417 ortu,
1422 2340 1427 2349 '

528 2439 715 2506 Dissimiles
729 2440 859 2518 animis,
874 2437 997 2504 similes
1013 2439 1146 2523 pietate,
1161 2449 1315 2525 potentes

529 2544 682 2628 Imperio,
697 2543 807 2608 cuncti
821 2542 913 2626 iusto
929 2542 1156 2607 moderamine
1171 2543 1283 2628 legum

529 2646 712 2712 Incubuere
727 2667 797 2710 suae
813 2645 954 2711 multum
971 2645 1073 2710 decus
1088 2647 1213 2711 addere
1226 2649 1328 2732 genti.

530 2752 682 2835 insignes
705 2750 910 2817 STEUARTA
925 2749 1019 2815 dedit
1033 2749 1154 2815 domus
1168 2753 1266 2816 vnica
1280 2752 1380 2837 leges,

529 2854 606 2939 Qua
620 2854 714 2933 duce,
729 2873 795 2918 non
813 2854 931 2918 metuit
946 2873 1053 2917 saevos
1068 2874 1151 2937 gens
1166 2855 1230 2920 ista
1245 2857 1415 2926 tumultus.

529 2957 614 3042 Quis
630 2957 727 3022 nobis
743 2958 879 3042 impune
894 2957 999 3021 hostis
1015 2958 1104 3042 prior
1119 2957 1231 3023 intulit
1245 2979 1347 3040 arma,

530 3062 643 3126 Ausus
658 3071 693 3126 et
708 3062 826 3126 insano
842 3061 961 3126 Martis
976 3061 1177 3126 contendere
1192 3062 1298 3128 bello?

530 3166 677 3249 Legibus
692 3165 782 3229 haud
798 3184 945 3248 vnquam
961 3186 1044 3249 gens
1059 3175 1110 3230 est
1125 3166 1316 3232 melioribus
1330 3190 1398 3248 vsa,

530 3270 601 3334 Nec
617 3269 692 3354 plus
707 3268 855 3348 consilio,
869 3269 1000 3346 virtute,
1016 3269 1208 3354 potentibus
1224 3273 1333 3351 armis,

530 3373 695 3457 Augustis
711 3383 866 3457 poterant
882 3373 1038 3438 mortales
1054 3373 1188 3438 sedibus
1202 3373 1269 3472 ulli.
1377 3373 1384 3387 ⁰

615 3478 698 3556 ff
708 3475 794 3560 Quis
809 3486 843 3541 te
856 3477 1010 3561 Justitiae,
1025 3477 1100 3561 quis
1115 3479 1206 3561 pacis
1221 3481 1387 3546 amantior
1401 3482 1507 3550 alter?

532 3580 640 3645 Infido
655 3582 730 3664 quis
746 3591 788 3659 te,
805 3581 998 3660 Pnlncssl‘s,
1013 3580 1208 3647 clementior
1222 3581 1334 3651 hosti?

530 3684 615 3768 Quis
630 3705 708 3749 vera
722 3685 847 3768 pietate
863 3685 974 3749 Prior?
996 3694 1055 3749 tua
1070 3684 1160 3750 sama
1175 3706 1235 3769 per
1248 3687 1363 3754 orbem

531 3788 715 3872 Spargitur,
730 3789 862 3872 ignotas
878 3789 963 3854 inter
977 3789 1191 3855 celeberrima
1205 3800 1330 3874 gentes.

532 3893 758 3977 Magnanimis
774 3891 847 3975 figis
864 3891 953 3975 leges
969 3902 1003 3957 et
1017 3903 1149 3976 sceptra
1166 3893 1391 3962 BRITANMS:

531 3997 577 4062 Et
591 3996 762 4080 quondam
778 3997 846 4062 duo
861 4016 972 4079 regna,
988 4006 1055 4074 tuo,
1071 3997 1163 4075 REX,
1179 3998 1314 4081 subjicis
1328 4001 1385 4065 vni

532 4101 687 4184 Imperio,
702 4121 838 4184 superas
852 4120 970 4165 omnes
985 4101 1116 4179 virtute,
1131 4102 1269 4180 Priores,

531 4204 578 4269 Et
593 4206 719 4270 meritis
735 4224 857 4270 nomen
873 4203 972 4288 longe
987 4205 1194 4270 transcendis
1208 4207 1350 4272 avitum:

532 4308 634 4373 Astra
649 4309 740 4374 velut
755 4309 862 4374 nitido
875 4308 980 4374 vincit
994 4308 1171 4393 splendore
1186 4309 1315 4378 Selene.

618 4413 669 4478 Te
683 4411 828 4478 celebres
844 4412 1013 4479 SKENAEE
1028 4425 1165 4479 manent
1180 4435 1240 4498 per
1253 4414 1365 4481 secula
1380 4415 1504 4498 laudes,

532 4515 687 4580 Nominis
701 4526 736 4582 et
751 4516 858 4599 major
872 4525 950 4601 post
965 4525 1106 4582 mortem
1122 4526 1236 4601 surget
1251 4518 1372 4602 imago,
