4110 5844
687 1440 930 1526 APPENDIX
967 1441 1026 1525 ΝΟ·
1057 1441 1100 1525 11.

262 1684 433 1751 Fonmcu
458 1685 639 1764 Lemures,
661 1698 879 1750 Annnsssun
901 1698 950 1750 το
973 1683 1039 1751 Sm
1060 1685 1164 1768 Joun
1190 1683 1322 1750 Sanus
1345 1695 1527 1748 usrwssu

736 1805 819 1886 1586
841 1817 922 1869 nnn
949 1802 1059 1885 1598!

887 2011 911 2058 1.

220 2129 253 2196 S.
276 2130 317 2193 D.
364 2127 494 2194 Nobilis
509 2139 544 2194 et
559 2128 762 2195 Doctissime
777 2130 827 2194 vir
841 2130 947 2194 amice
962 2130 1175 2195 observande

284 2233 430 2298 Veniam
445 2231 541 2298 dabis
555 2242 593 2299 ut
608 2252 706 2317 spero
720 2232 797 2298 huic
812 2234 1055 2318 importunitati
1074 2233 1243 2300 literarum
1262 2252 1421 2311 mearum,
1435 2254 1519 2317 quas
1537 2232 1580 2297 ad

221 2348 264 2416 te,
279 2337 356 2402 licet
370 2336 575 2421 gravioribus
597 2338 743 2421 negociis
766 2339 847 2403 satis
869 2349 1079 2423 occupatum,
1096 2338 1176 2403 dare
1197 2358 1265 2402 non
1285 2336 1445 2413 dubitavi,
1459 2337 1580 2421 partim

220 2443 376 2508 amicitiae
396 2451 518 2506 nostrae
533 2442 624 2506 initae
639 2462 727 2525 erga,
742 2442 862 2526 partim
878 2461 1012 2527 quoque
1026 2451 1064 2507 ut
1078 2440 1138 2507 tibi
1154 2440 1374 2526 significarem
1389 2460 1444 2506 me
1462 2441 1584 2525 pictur·

221 2544 315 2610 aru'm
332 2545 471 2623 illamm,
486 2545 567 2609 nihil
582 2544 692 2610 adhuc
707 2546 881 2630 accepisse.

288 2649 411 2713 Nescio
437 2670 479 2714 an
506 2650 641 2733 pictoris
667 2649 773 2733 culpa,
796 2669 838 2714 an
864 2669 944 2714 vero
966 2648 1053 2714 illius
1075 2649 1129 2714 cui
1151 2649 1212 2713 has
1237 2647 1280 2712 ad
1308 2667 1362 2713 me
1387 2646 1584 2713 deserendas

222 2753 343 2818 dedisti
359 2753 523 2831 acciderit,
537 2753 645 2818 solum
666 2752 730 2818 hoc
750 2761 824 2819 sato
844 2773 898 2818 me
920 2773 1029 2837 neque
1048 2753 1219 2818 auditione
1242 2753 1377 2836 quidem
1401 2751 1584 2835 quidquam

222 2857 383 2922 hactenus
412 2858 455 2922 de
485 2857 549 2921 illis
578 2856 761 2940 intelligere
791 2857 946 2941 potuisse
993 2856 1166 2940 Quidquid
1193 2856 1238 2920 sit
1263 2874 1458 2939 responsum
1489 2864 1584 2920 tuum

222 2961 360 3026 omnino
376 2960 456 3025 mihi
472 2961 534 3025 erit
554 2961 803 3044 expectandum
822 2970 1003 3044 antequam
1024 2959 1101 3025 hinc
1120 2959 1299 3038 discedam,
1314 2958 1403 3042 quod
1420 2968 1459 3023 ut
1472 2957 1515 3023 ad
1532 2977 1586 3022 me

223 3065 470 3148 quamprimum
486 3063 648 3149 expedias
663 3073 697 3128 te
712 3084 773 3148 pro
789 3084 863 3129 mea
877 3084 957 3147 erga
971 3074 1005 3129 te
1019 3062 1230 3129 observantia
1243 3061 1457 3128 vehementer
1471 3080 1539 3127 oro.

290 3166 346 3231 Ad
360 3169 421 3232 iter
433 3186 544 3232 meum
560 3167 651 3252 quod
666 3168 786 3234 attinet
802 3167 880 3233 nolo
891 3177 925 3233 te
938 3167 1089 3252 ignorare
1100 3187 1155 3232 me
1167 3166 1200 3231 id
1213 3188 1257 3231 ex
1269 3167 1382 3232 animo
1397 3165 1588 3244 coniecisse,

225 3291 332 3354 neque
349 3269 428 3335 mihi
445 3271 478 3334 in
495 3291 535 3334 eo
550 3271 733 3355 quidquam
748 3271 877 3336 adversi
893 3271 1023 3350 accidit,
1038 3281 1259 3356 praeterquam
1278 3270 1369 3356 quod
1384 3280 1420 3335 et
1434 3269 1534 3335 Aerae
1553 3278 1587 3334 et

226 3375 364 3440 Dublini
380 3374 481 3459 paulo
496 3375 620 3441 diutius
635 3374 760 3441 haerere
777 3384 913 3441 coactus
928 3375 974 3441 sui
989 3375 1186 3441 adversante
1201 3386 1308 3441 vento.
1356 3360 1453 3440 Redii
1474 3383 1586 3439 tamen

227 3479 258 3543 in
274 3477 361 3543 hanc
376 3479 491 3545 urbem
509 3480 584 3543 Deo
598 3478 760 3544 beneficio
775 3479 885 3544 salvus
900 3489 934 3544 et
949 3478 1133 3544 incolumis.

292 3582 344 3647 Ea
369 3601 445 3665 quae
472 3582 505 3646 in
532 3581 763 3666 perlustranda
790 3582 904 3649 Scotia
929 3592 1039 3648 vestra
1068 3581 1150 3648 mihi
1180 3583 1214 3647 in
1245 3592 1392 3647 mentem
1417 3590 1586 3647 venerunt

229 3686 351 3751 Ae‘ram
371 3707 448 3751 cum
468 3687 612 3770 primum
631 3686 795 3751 venissem
815 3695 875 3752 tuo
898 3687 952 3751 isti
977 3686 1089 3752 clienti
1115 3706 1256 3771 meoque
1279 3684 1472 3753 conductori
1492 3686 1535 3751 ad
1555 3695 1588 3750 te

226 3789 421 3874 perferenda
447 3789 546 3855 dedi:
591 3789 659 3856 Sed
686 3789 741 3854 ille
768 3789 878 3855 nescio
904 3809 947 3854 an
974 3800 1094 3874 sponte
1117 3810 1161 3855 an
1186 3810 1266 3856 vero
1287 3789 1454 3855 oblivione
1477 3789 1589 3855 literas

229 3914 319 3958 meas
334 3893 508 3958 discedens
524 3894 557 3957 in
572 3893 753 3959 diversorio
768 3892 900 3978 reliquit
914 3904 1015 3979 atque
1029 3894 1072 3959 ad
1092 3904 1127 3958 te
1140 3913 1264 3959 vacuus
1283 3893 1389 3973 rediit,
1403 3894 1493 3978 quod
1513 3892 1590 3959 ideo

228 3997 419 4062 addendum
446 4018 518 4062 esse
547 3998 671 4082 putavi,
701 4018 743 4062 ne
773 3997 858 4063 sorte
886 4018 961 4063 mea
991 3996 1195 4083 negligentia
1223 3996 1304 4062 illud
1334 3996 1435 4063 luisse
1463 3996 1588 4063 iactum

229 4100 409 4166 existimes
679 4173 682 4177 ,
991 4107 995 4114 ’

295 4203 461 4271 Caeterum
477 4205 537 4269 abs
552 4215 587 4270 te
597 4205 648 4270 vir
662 4204 867 4270 nobilissime
877 4214 957 4291 peto
969 4225 1023 4271 me
1034 4205 1083 4271 tui
1095 4204 1362 4271 amantissimum
1377 4213 1416 4270 ut
1431 4204 1590 4284 redama,

230 4318 265 4373 et
286 4309 329 4373 de
352 4329 406 4373 me
429 4309 525 4374 unice
551 4309 585 4374 id
611 4308 672 4374 tibi
697 4310 907 4394 persuadeas,
930 4329 1072 4375 menon
1097 4309 1205 4376 solum
1228 4329 1342 4375 veram
1369 4318 1404 4373 et
1428 4309 1590 4377 sinceram
1624 4364 1627 4371 ,

231 4413 411 4477 amicitiam
428 4423 538 4482 tecum
555 4424 716 4497 perpetuo
731 4413 839 4479 colere
847 4414 941 4492 velle,
951 4433 1066 4479 verum
1082 4415 1184 4479 etiam
1200 4434 1259 4499 per
1273 4413 1385 4478 literas
1396 4413 1590 4479 memoriam

311 4568 325 4592 ⁹
336 4569 411 4619 From
423 4567 465 4620 the
476 4567 596 4632 originale
607 4569 738 4634 presened
750 4567 777 4620 in
790 4568 845 4620 liet
856 4567 985 4635 Maiesty's
996 4567 1104 4621 Genetel
1117 4566 1233 4634 Register
1244 4567 1342 4637 linque,
1355 4565 1513 4632 Edlubutgh.
