4110 5844
858 620 1050 674 neptumx
1074 620 1134 675 ΝΟ.
1159 621 1195 673 11.

409 995 628 1062 Nobilissimo
641 1003 675 1060 et
690 995 885 1059 doctissimo
901 993 1050 1058 Domino
1066 992 1209 1059 Skeneae
1225 993 1258 1060 S.
1277 995 1310 1058 P.

409 1099 520 1186 Quam
541 1107 645 1183 grata
664 1099 732 1163 imo
751 1116 853 1181 quam
872 1097 1070 1182 gratissimae
1095 1096 1176 1162 mihi
1201 1096 1323 1162 suerint
1346 1096 1450 1162 literae
1469 1107 1545 1177 tuae,
1563 1119 1647 1182 quas
1665 1099 1708 1165 ad

344 1223 398 1270 me
416 1226 476 1289 per
494 1204 737 1269 nobilissimum
758 1203 863 1268 virum
891 1203 933 1267 D.
953 1200 1179 1266 Guilhelmum
1201 1200 1382 1267 Stuardum
1407 1202 1556 1281 dederas,
1574 1213 1658 1287 puto
1675 1215 1710 1269 te

344 1310 411 1374 iam
427 1330 470 1373 ex
487 1327 646 1392 responso
658 1326 734 1371 meo
746 1306 941 1390 cognovisse
957 1304 1130 1388 Respondi
1142 1305 1231 1369 enim
1244 1325 1304 1388 per
1319 1305 1526 1370 Generosum
1543 1306 1709 1373 Batonem

345 1412 387 1478 D.
411 1411 599 1496 johannem
626 1410 815 1474 Dionisium
840 1430 860 1472 a
880 1409 1025 1486 Zerotin,
1040 1427 1139 1492 quem
1160 1408 1220 1472 tibi
1240 1419 1375 1474 euntem
1396 1411 1428 1474 in
1450 1411 1598 1477 Scotiam
1618 1433 1709 1477 com-

343 1516 589 1593 mendaueram,
612 1526 646 1579 et
672 1514 780 1578 adhuc
807 1513 903 1577 unice
927 1512 1137 1590 commend0,
1160 1532 1226 1575 non
1247 1512 1405 1578 dubitans
1429 1516 1508 1599 quin
1534 1515 1561 1580 si
1586 1516 1629 1580 ad
1647 1537 1708 1581 vos

343 1622 479 1699 uenerit,
494 1619 566 1684 haec
582 1618 830 1682 commendatio
846 1615 980 1699 aliquod
998 1616 1153 1699 ponderis
1169 1617 1212 1680 sit
1227 1616 1389 1681 habitura

410 1723 532 1807 Scripsi
558 1722 600 1787 ad
626 1732 659 1786 te
683 1742 816 1806 quoque
840 1721 883 1784 de
907 1739 1015 1784 rerum
1041 1740 1189 1784 mearum
1214 1731 1313 1799 statu,
1332 1730 1403 1785 tum
1428 1723 1528 1787 etiam
1553 1723 1709 1789 debello

343 1838 457 1893 nostro
476 1836 591 1891 contra
607 1826 742 1891 Turcas.
787 1823 840 1888 Ac
859 1824 938 1909 quia
958 1823 1182 1889 nobilissimus
1198 1835 1231 1888 et
1251 1833 1405 1889 strenuus
1427 1824 1540 1908 Eques
1557 1827 1598 1892 D.
1615 1828 1708 1893 Guil-

341 1931 472 1997 helmus
488 1930 673 1998 Stuarduas
694 1948 781 1994 nunc
796 1927 839 1993 ad
856 1948 916 1992 uos
932 1927 1107 1993 reuertitur
1122 1928 1340 1992 intermittere
1354 1928 1455 2007 nolui,
1469 1931 1549 2013 quin
1566 1931 1707 1995 eandem

341 2036 476 2121 aliquod
493 2034 661 2100 literarum
678 2032 720 2098 ad
738 2041 771 2097 te
788 2032 910 2096 darem.

407 2139 581 2225 Quantum
608 2159 687 2202 uero
713 2157 777 2219 ego
802 2138 834 2200 in
860 2135 1089 2219 promovendo
1113 2134 1176 2199 hoc
1199 2143 1295 2199 tanto
1318 2145 1352 2200 et
1376 2136 1460 2200 tanti
1485 2137 1546 2200 uiri
1572 2137 1709 2220 negotio

341 2244 571 2321 laborauerim,
586 2242 686 2307 uelim
703 2251 740 2305 ut
755 2261 798 2305 ex
816 2239 873 2303 ilio
888 2239 960 2303 haec
976 2241 1087 2323 potius
1105 2259 1206 2322 quam
1222 2259 1266 2302 ex
1287 2259 1341 2303 me
1359 2260 1548 2322 cognosces.
1594 2241 1706 2324 Quam

341 2347 485 2433 primum
516 2346 580 2409 huc
610 2345 711 2422 uenit,
737 2343 817 2408 data
843 2343 905 2426 ipsi
940 2343 1002 2407 fuit
1031 2363 1051 2405 a
1081 2362 1141 2406 sua
1175 2342 1350 2424 majestate
1384 2343 1480 2408 Caes:
1516 2343 1566 2427 (ut
1599 2344 1707 2409 aulico

341 2449 430 2534 stylo
442 2449 621 2532 loquimur)
634 2447 812 2525 audientia,
824 2457 857 2510 et
867 2445 988 2510 deinde
997 2446 1142 2521 excurrit
1152 2447 1194 2511 ad
1207 2446 1352 2511 uidenda
1365 2457 1552 2512 nostrorum
1564 2447 1706 2511 militum

342 2573 446 2638 prope
473 2551 678 2634 Strigonium
706 2550 833 2627 Castra,
848 2549 900 2612 his
927 2550 1069 2631 peractis
1096 2551 1213 2614 iterum
1242 2550 1384 2633 Pragam
1409 2551 1509 2628 uenit,
1536 2572 1635 2635 quem
1662 2551 1706 2616 ad

342 2654 519 2721 nonnullos
550 2653 735 2738 praecipuos
767 2653 875 2736 Regni
908 2654 1011 2717 nostri
1045 2653 1132 2717 uiros
1163 2652 1205 2717 ad
1236 2654 1497 2719 contrahendam
1528 2675 1603 2718 cum
1643 2655 1707 2719 illis

341 2760 500 2825 noticiam
520 2767 554 2822 et
577 2757 757 2823 amicitiam
781 2756 908 2820 deduxi
931 2806 938 2822 .
961 2757 1018 2840 qui
1041 2755 1120 2820 sane
1142 2755 1186 2820 ob
1209 2757 1351 2821 eximias
1377 2757 1525 2820 heroicas
1551 2757 1646 2822 dotes
1673 2766 1708 2823 et

341 2863 494 2950 peritiam
518 2863 563 2927 rei
587 2861 746 2939 militaris,
762 2860 917 2924 omnibus
940 2880 1041 2943 quam
1065 2860 1272 2942 gratissimus
1287 2871 1366 2938 erat,
1382 2869 1419 2924 ut
1435 2863 1560 2925 interea
1576 2870 1705 2926 taceam

341 2969 384 3033 de
410 2966 466 3031 illa
493 2967 526 3030 in
554 2974 623 3032 tam
647 2965 723 3029 sorti
747 2974 780 3028 et
804 2973 939 3028 strenuo
963 2963 1068 3027 milite
1092 2972 1126 3027 et
1150 2964 1243 3041 duce,
1266 2983 1396 3028 morum
1420 2965 1593 3042 suauitate,
1616 2974 1649 3028 et
1673 2965 1706 3028 in

341 3056 456 3157 primis
472 3090 552 3134 uero
568 3070 700 3152 pietate.
746 3065 777 3132 O
793 3069 921 3132 utinam
939 3087 1006 3130 non
1023 3066 1267 3150 negligeremus
1291 3066 1354 3132 hoc
1378 3067 1513 3145 bonum,
1528 3078 1562 3131 et
1578 3069 1706 3132 utinam

341 3175 452 3260 plures
463 3173 626 3238 eiusmodi
639 3181 767 3235 essent.
781 3172 836 3254 qui
851 3191 916 3233 non
931 3171 1032 3233 modo
1043 3170 1234 3235 hominibus
1247 3171 1305 3233 sed
1318 3172 1429 3254 potius
1446 3170 1579 3236 Christo
1591 3182 1707 3235 contra

341 3277 554 3362 blasphemas
578 3276 650 3341 illas
674 3285 707 3338 et
730 3274 879 3338 crudeles
899 3285 1016 3358 gentes
1039 3274 1161 3337 turicas
1182 3273 1323 3338 militare
1347 3274 1478 3338 uellent
1528 3276 1602 3338 imo
1626 3275 1705 3357 quid

342 3380 511 3447 nonnuliae
527 3379 679 3443 nationes
691 3377 880 3441 christianae
895 3377 1018 3441 beilum
1035 3387 1151 3441 contra
1166 3377 1293 3441 Turcas
1308 3379 1454 3460 gerendo
1469 3375 1623 3456 efficiant,
1638 3379 1707 3441 imo

342 3505 443 3568 quam
467 3483 578 3567 potius
601 3481 741 3563 turpiter
764 3478 890 3563 perfide
909 3490 943 3544 et
963 3477 1121 3544 scelerate
1140 3479 1183 3544 ad
1204 3479 1315 3545 hostes
1336 3478 1391 3543 filii
1414 3481 1477 3544 Dei
1497 3480 1653 3544 deficiant
1673 3490 1707 3544 et

342 3609 404 3654 nos
428 3588 580 3673 prodant,
601 3584 634 3648 id
655 3584 739 3667 proh
759 3583 855 3647 dolor
875 3584 1066 3668 experimus
1086 3634 1093 3651 .
1115 3583 1217 3648 modo
1240 3583 1354 3647 oculos
1377 3586 1418 3648 ad
1442 3605 1532 3649 mare
1553 3585 1707 3650 mediter-

343 3712 480 3758 raneum
496 3690 690 3755 conuertito.
737 3687 773 3753 Si
789 3708 869 3771 ergo
889 3688 1012 3753 bellum
1036 3697 1152 3752 contra
1175 3699 1284 3753 turcas
1304 3688 1486 3772 gerendum
1507 3690 1555 3753 uti
1575 3698 1707 3772 oportet

343 3806 394 3861 est
408 3793 623 3860 occidentalis
641 3803 675 3856 et
697 3792 907 3875 septrionalis
924 3792 1018 3856 miles
1036 3792 1078 3856 ad
1098 3791 1171 3856 haec
1193 3812 1293 3875 quam
1314 3793 1453 3857 idoneus
1475 3803 1569 3857 esset
1616 3792 1706 3858 Nam

343 3899 420 3965 huic
436 3900 532 3963 militi
548 3897 640 3961 nulla
655 3917 731 3960 cum
747 3907 841 3961 turca
856 3895 1009 3974 affinitas,
1024 3905 1057 3961 et
1073 3896 1169 3961 miles
1183 3896 1237 3961 hic
1258 3896 1332 3980 plus
1352 3896 1436 3960 ferre
1451 3908 1484 3961 et
1500 3897 1569 3980 pati
1587 3906 1705 3979 potest

343 4003 471 4069 accedit
487 4003 529 4066 ad
545 4002 617 4066 haec
633 4000 722 4083 quod
739 4020 784 4064 ex
800 4001 880 4084 ipsis
899 3999 1125 4064 fundamentis
1144 3998 1236 4064 uerbi
1257 4001 1372 4064 Diuini
1391 4012 1425 4065 et
1444 4021 1510 4064 non
1530 4012 1706 4066 consuetu-

342 4109 421 4174 dine
443 4107 554 4190 aliqua
577 4104 713 4188 politica
733 4104 902 4169 Christum
923 4114 957 4169 et
983 4124 1077 4187 spem
1104 4105 1138 4168 in
1165 4125 1206 4168 eo
1230 4107 1408 4188 repositam
1429 4105 1561 4170 discunt
1583 4115 1617 4168 et
1643 4104 1706 4169 hac

343 4212 481 4276 scientia
501 4208 604 4274 ueluti
629 4208 729 4272 armis
753 4208 938 4273 intrinsecis
960 4210 1110 4272 omnium
1134 4208 1320 4273 fortissimis
1343 4228 1415 4272 sese
1437 4217 1552 4272 contra
1575 4217 1707 4272 tantum

344 4314 474 4380 hostem
498 4314 662 4388 muniunt,
677 4311 766 4376 unde
784 4322 818 4376 et
841 4312 897 4376 ilia
921 4321 1063 4376 externa
1085 4332 1177 4376 arma
1199 4331 1314 4376 uerum
1339 4332 1434 4375 suum
1459 4310 1559 4375 robur
1580 4322 1614 4375 et
1637 4313 1705 4376 uim

343 4427 479 4482 sumunt
494 4467 501 4480 .
517 4436 595 4481 nam
612 4417 683 4479 sine
697 4415 749 4478 his
764 4417 877 4479 omnia
892 4435 985 4481 arma
999 4414 1147 4480 humana
1162 4425 1240 4479 sunt
1258 4416 1362 4479 instar
1381 4415 1544 4479 machinae
1566 4436 1707 4499 magnae‚

344 4542 388 4586 ex
415 4540 482 4605 qua
505 4520 580 4605 quis
606 4519 677 4583 solo
705 4528 835 4583 tantum
862 4519 964 4602 globo
990 4518 1116 4603 absque
1142 4519 1279 4603 puluere
1305 4518 1438 4583 iaculari
1465 4520 1566 4604 cupit,
1589 4529 1624 4583 et
1649 4523 1706 4602 qui
