4110 5844
735 660 901 717 sumans
923 662 973 716 uo
994 662 1054 716 sut
1075 659 1174 730 Jouu
1197 663 1330 718 sunus.
1653 668 1709 735 171
1771 654 1788 681 ⁸

346 844 446 909 super
467 823 530 889 hac
552 843 587 889 re
609 824 758 904 conveni,
772 824 829 909 qui
852 844 1050 890 consensum
1073 844 1170 889 suum
1193 823 1282 889 haud
1306 834 1442 908 gravate
1464 825 1711 909 promittebant

347 927 460 1012 Quare
475 928 577 993 fretus
593 929 755 1013 imprimis
769 928 1001 995 benevolentia
1016 928 1226 994 Thesaurarii
1242 928 1349 993 affinis
1365 930 1422 1007 tui,
1437 940 1470 995 et
1486 931 1631 995 amicitia
1646 934 1713 1010 tua,

348 1034 446 1098 mitto
460 1033 503 1097 ad
520 1042 554 1098 te
572 1053 646 1097 eam
665 1035 772 1118 ipsam
791 1033 1008 1099 donationem
1029 1034 1137 1118 Regia
1155 1054 1257 1098 manu
1276 1035 1450 1113 munitam,
1465 1044 1502 1099 ut
1520 1035 1553 1101 in
1573 1034 1713 1100 concilio

345 1147 456 1202 vestro
471 1137 588 1202 vestris
603 1136 768 1221 suffragiis
783 1147 818 1203 et
832 1137 1130 1222 subscriptionibus
1146 1138 1382 1205 corroboretur.
1424 1137 1712 1204 Clementissimus

347 1343 554 1428 adprobavit,
569 1365 645 1410 cum
661 1346 704 1410 de
719 1344 782 1410 hac
794 1365 828 1410 re
847 1365 1035 1429 ageremus:
1054 1355 1091 1411 ut
1106 1344 1282 1411 affirmavit
1298 1347 1341 1411 de
1355 1365 1418 1411 suo
1433 1347 1567 1431 insuper
1581 1367 1616 1411 se
1628 1347 1713 1414 velle

346 1448 476 1532 elargiri
506 1449 549 1513 ad
580 1468 656 1513 eum
686 1459 757 1514 tam
787 1449 1008 1514 necessarium
1038 1469 1145 1516 usum.
1205 1450 1259 1515 De
1287 1460 1397 1515 vestra
1427 1451 1649 1536 propensione
1678 1460 1712 1517 et

346 1552 518 1618 voluntate
533 1574 667 1637 prorsus
682 1552 824 1633 confido,
839 1555 1022 1639 praesertim
1046 1555 1073 1618 si
1096 1554 1280 1624 intercedat
1301 1554 1485 1620 authoritas
1506 1565 1541 1620 et
1563 1554 1712 1620 studium

347 1666 441 1721 tuum
469 1657 502 1721 in
530 1657 593 1721 hoc
620 1658 756 1741 negotio
782 1656 997 1722 conficiendo
1043 1655 1144 1741 Quod
1167 1677 1188 1722 a
1210 1667 1244 1722 te
1265 1667 1427 1742 exspecto
1449 1667 1484 1724 et
1498 1657 1713 1725 vehementer

346 1771 480 1845 expeto.
525 1758 626 1844 Quod
642 1762 669 1825 si
693 1780 760 1826 non
781 1760 975 1826 conficiatur
997 1761 1139 1826 cessabit
1162 1781 1247 1845 opus
1269 1761 1464 1846 praeclarum
1488 1782 1612 1847 magno
1635 1783 1711 1828 cum

345 1864 546 1930 detrimento
569 1863 698 1929 illarum
722 1865 920 1948 Regionum.
966 1864 1051 1948 Quis
1074 1866 1163 1930 enim
1186 1885 1247 1930 suo
1269 1876 1382 1930 sumtu
1406 1867 1527 1950 poterit
1549 1867 1712 1932 sustinere

345 1977 477 2034 tantum
507 1973 610 2033 onus?
670 1969 721 2035 Et
745 1970 901 2053 proxima
932 1969 1089 2053 Synodus
1127 1969 1351 2034 Deidonensis
1387 1971 1578 2056 prorogavit
1615 1970 1712 2036 nobis

345 2071 500 2137 visitandi
531 2092 652 2137 munus
677 2093 718 2137 ea
744 2073 825 2158 lege,
850 2084 888 2139 ut
914 2074 1074 2158 impensae
1104 2073 1200 2138 nobis
1226 2073 1561 2140 subministrarentur.
1633 2076 1711 2141 Hoc

344 2176 507 2259 quidquid
523 2185 582 2255 est,
594 2175 657 2240 Vir
671 2175 871 2256 Clarissime,
881 2176 957 2241 fidei
970 2188 1004 2243 et
1018 2176 1259 2243 benevolentiae
1275 2188 1343 2243 tuae
1358 2179 1565 2243 commendo.
1609 2179 1711 2243 Porro

344 2279 434 2345 sactu
449 2290 501 2346 est
516 2282 643 2346 mentio
657 2302 678 2345 a
693 2281 801 2365 Regia
817 2281 997 2364 Maiestate
1019 2283 1051 2346 in
1074 2281 1130 2346 illa
1149 2281 1289 2365 Synodo
1309 2281 1352 2347 de
1366 2281 1555 2346 visitatione
1578 2280 1710 2346 Acade-

346 2384 486 2449 miarum
502 2405 561 2469 per
575 2386 663 2450 viros
679 2385 824 2450 idoneos.
871 2386 917 2450 Et
932 2405 994 2450 nos
1005 2405 1139 2469 quoque
1155 2386 1293 2451 idoneos
1303 2385 1392 2450 viros
1406 2384 1504 2450 valde
1519 2396 1710 2469 optaremus

345 2489 390 2553 rei
416 2489 569 2554 literariae
593 2491 734 2556 scientes
760 2499 795 2554 et
829 2489 997 2555 faventes:
1032 2489 1083 2555 Te
1106 2488 1184 2554 verb
1208 2490 1369 2574 imprimis
1395 2490 1652 2555 scientissimum
1676 2499 1711 2556 et

344 2590 531 2658 scholarum
547 2603 737 2659 exterarum
753 2604 788 2660 et
810 2604 997 2659 nostrarum
1020 2614 1060 2658 ac
1082 2613 1149 2658 una
1169 2603 1279 2659 tecum
1296 2592 1552 2659 Thesaurarium
1576 2605 1712 2678 propter

344 2696 537 2779 aequitatem
552 2706 587 2762 et
602 2697 838 2764 authoritatem
853 2718 931 2763 cum
947 2697 1096 2762 Domino
1110 2697 1264 2779 Johanne
1280 2698 1448 2764 Prestono.
1496 2698 1573 2763 Non
1592 2699 1711 2766 dubito

345 2799 425 2882 quin
441 2820 543 2885 opera
557 2811 667 2866 vestra
682 2821 841 2887 magnum
858 2801 1074 2867 commodum
1095 2799 1236 2866 allatura
1255 2810 1343 2866 esset
1358 2799 1560 2880 Academiis‚
1571 2804 1599 2867 si
1610 2804 1710 2869 vestri

345 2903 468 2969 similes
490 2905 551 2969 viri
577 2905 801 2970 Ecclesiastici
825 2905 1048 2990 deligerentur
1074 2905 1158 2970 Rob.
1181 2914 1358 2989 pontanus,
1381 2905 1487 2971 Nicol.
1511 2906 1711 2992 Daglcisius,

344 3008 490 3091 Jacobus
507 3008 715 3088 Nicolsonus‚
727 3018 761 3074 et
775 3008 859 3074 tales
874 3009 934 3075 viri
950 3008 1045 3093 probi
1061 3017 1096 3073 et
1113 3008 1212 3074 docti
1256 3008 1333 3090 Jam
1356 3009 1491 3092 ignosce
1513 3011 1709 3094 importuni-

345 3113 406 3177 tati
431 3133 529 3176 meae:
553 3112 643 3178 Satis
667 3123 701 3178 te
724 3113 923 3197 impeditum
946 3114 1044 3178 nimis
1066 3112 1202 3178 detinui.
1248 3111 1334 3177 Vale
1355 3114 1406 3178 vir
1427 3117 1707 3198 praestantissime

346 3215 569 3301 Andreapolis
584 3217 627 3281 ad
644 3217 674 3282 d.
691 3218 783 3281 xxiv.
797 3218 879 3301 Maij
901 3231 990 3298 1597.
1027 3216 1105 3282 Tibi
1121 3217 1368 3282 addictissimus
1382 3217 1500 3300 Johan.
1516 3217 1707 3301 Jonstonus.

518 3378 710 3445 Clarissimo
724 3379 796 3444 viro
810 3379 948 3444 domino
965 3378 1110 3461 Johanni
1130 3378 1275 3450 Skenaeo
1294 3379 1451 3445 assessori
1468 3390 1503 3445 et
1521 3380 1708 3447 consiliario

453 3483 651 3548 serenissimi
668 3483 772 3567 Regis
787 3484 820 3546 in
838 3482 1002 3567 Suprema
1016 3485 1114 3549 curia
1161 3482 1356 3567 Edinburgi.

318 3708 324 3721 ι
474 3739 542 3825 [On
566 3741 617 3806 tlte
638 3751 730 3807 outcr
739 3742 835 3824 foldr
855 3745 898 3827 qs
914 3743 965 3808 tlte
985 3744 1098 3810 Letter
1116 3766 1173 3811 are
1195 3747 1326 3812 written
1349 3745 1432 3812 these
1453 3745 1612 3832 urtech-

521 3896 604 3960 1266
625 3897 742 3963 betuix
766 3868 912 3981 Ma'gnus
932 3916 955 3978 4
978 3897 1087 3964 Alexr·
1107 3917 1135 3982 3.

518 4017 592 4082 The
607 4017 739 4083 annuell
751 4018 791 4085 os
803 4019 987 4104 Norroway
1001 4020 1029 4084 is
1044 4020 1224 4105 dischargit
1239 4021 1282 4088 be
1297 4019 1503 4088 Christianus
1523 4039 1547 4087 1.
1567 4038 1605 4086 12
1623 4020 1706 4106 May

457 4135 469 4183 1

473 4121 665 4306 46ιίηῐιυε11
681 4242 720 4306 of
739 4242 923 4328 Norroway
948 4242 1130 4328 dischargit
1156 4244 1189 4307 in
1212 4243 1270 4309 the
1295 4243 1509 4310 contractos
1533 4245 1706 4330 marriage,

454 4344 512 4408 8th
529 4344 728 4428 September
745 4348 827 4428 1468
842 4348 910 4411 and
926 4346 1095 4413 thairefter
1109 4346 1290 4432 dischargit
1309 4365 1346 4412 12
1365 4348 1447 4432 May
1466 4348 1564 4430 1469.

518 4485 560 4530 m.
581 4486 607 4531 c
623 4468 795 4533 constituit
822 4485 859 4532 12
880 4469 923 4533 de
945 4469 1212 4553 procuratoribus
1235 4469 1359 4534 marchi
1382 4468 1615 4553 sterlingorum
1637 4470 1704 4536 and

455 4587 498 4632 m.
513 4589 540 4636 c.
557 4584 576 4651 3
591 4570 635 4636 de
649 4571 875 4639 arbitrament
890 4573 918 4638 is
933 4574 1023 4640 maid
1038 4572 1078 4639 of
1095 4573 1241 4657 quinque
1255 4572 1352 4639 solidi
1367 4572 1611 4658 sterlingorum.
