4110 5844
465 516 510 540 A

561 672 698 725 verses
720 672 770 725 ro
792 672 851 725 sm
873 671 972 740 Jonu
997 672 1131 739 sxcnn.

489 832 579 919 Quid
597 833 657 898 tibi
674 854 735 918 pro
751 833 878 914 merito,
894 833 1016 920 poterit
1031 831 1224 917 promittere
1238 832 1366 898 virtus?

399 936 483 1021 Quis
499 947 541 1016 te,
556 937 760 1020 virtutesque
776 947 860 1017 tuas,
876 939 1007 1022 ignorat
1023 939 1180 1020 ineptus?

398 1041 552 1124 Justitiae,
565 1041 714 1125 jurisque
729 1062 852 1121 comes,
867 1042 1118 1125 Themidosque
1135 1040 1307 1120 Sacerdos,

397 1145 464 1230 Qui
482 1144 586 1222 nobis,
602 1145 785 1228 patriaeque
800 1145 911 1225 decus,
926 1146 983 1229 qui
999 1154 1133 1230 pectore
1149 1153 1230 1223 toto,

396 1248 520 1314 Virtuti
536 1247 698 1330 invigilas,
714 1249 898 1332 meritoque
913 1249 1067 1332 exsurgis
1081 1247 1116 1312 in
1132 1248 1245 1312 altum.

399 1353 512 1418 Macte
527 1352 683 1434 equidem
699 1352 821 1417 virtute
837 1362 904 1432 tua,
915 1353 980 1437 (vir
995 1351 1159 1434 maxime)
1174 1351 1256 1416 felix

398 1456 488 1519 Pone
504 1466 641 1533 metum,
656 1463 817 1519 aetemum
833 1456 1002 1540 spondent
1017 1456 1077 1521 tibi
1093 1455 1214 1538 sydera
1228 1455 1397 1520 honorem.

397 1559 443 1624 Et
457 1560 546 1624 vivet
562 1578 734 1641 nunquam
751 1560 905 1643 periturae
921 1559 1027 1645 gloria
1042 1560 1162 1624 lamae:

369 1719 371 1722 ,
482 1662 538 1727 Nil
554 1664 750 1727 duraturum
763 1664 908 1728 mundus
923 1672 1022 1743 creat,
1037 1663 1124 1748 ignis
1139 1671 1174 1728 et
1188 1683 1253 1741 aer,
1374 1749 1377 1755 .

396 1765 591 1848 Cunctaque
605 1765 778 1850 corruptis,
793 1767 919 1832 obeunt
934 1767 1100 1832 elementa
1116 1766 1236 1851 figuris

395 1869 485 1954 Quin
502 1879 536 1935 et
551 1889 736 1954 purpureus
750 1870 921 1936 stellarum
937 1872 1113 1950 exercitus,
1128 1869 1198 1936 alto

395 1974 538 2040 Cardine
553 1973 723 2052 coelorum,
737 1995 874 2038 occasus
889 1976 1061 2059 patiuntur
1074 1984 1109 2040 et
1123 1985 1215 2039 ortus
1229 1997 1237 2039 :

394 2077 561 2161 Quicquid
578 2077 705 2141 habens
719 2086 840 2154 ortum,
856 2075 956 2141 finem
972 2078 1090 2142 timet:
1112 2077 1226 2141 omnia
1241 2075 1349 2161 poscit

394 2182 505 2260 Terra,
519 2202 638 2246 vorace
653 2181 746 2246 sinu:
770 2179 850 2244 nihil
867 2180 1054 2247 immortale
1069 2181 1132 2246 sub
1147 2181 1263 2245 astris:
1372 2212 1375 2217 ·

481 2285 546 2349 Ast
561 2305 645 2368 opus
661 2291 820 2348 exactum
835 2291 895 2361 est,
910 2283 1001 2366 quod
1017 2303 1084 2346 non
1099 2282 1191 2365 Jovis
1206 2283 1264 2361 ira,
1278 2302 1339 2346 nec
1355 2281 1450 2365 ignis,

393 2390 424 2453 N
428 2410 465 2453 ec
481 2389 603 2473 poterit
619 2388 750 2464 ferrum,
766 2406 827 2450 nec
841 2385 931 2452 edax
947 2386 1080 2451 abolere
1094 2396 1251 2466 vetustas,

392 2493 500 2578 Regia
514 2492 595 2556 dum
611 2491 706 2570 vasti,
721 2491 890 2556 resonabit
905 2491 1059 2556 machina
1074 2490 1199 2557 mundi.

480 2597 571 2680 Ergo
585 2594 660 2661 vale
676 2595 853 2673 SKENAEE,
866 2595 929 2660 tibi
945 2594 1017 2660 laus
1032 2595 1201 2660 maxima:
1224 2593 1271 2658 sic
1286 2603 1322 2658 tu

393 2701 602 2784 Progredere,
618 2699 649 2765 O
666 2698 758 2777 felix,
772 2697 909 2780 satoque
923 2699 1044 2763 accede
1058 2698 1201 2776 vocanti,

395 2803 589 2886 Invidiaque
603 2804 696 2868 omni
712 2800 828 2886 major,
843 2822 943 2886 super
957 2812 1047 2867 astra
1061 2800 1239 2886 triumpha

819 2923 995 3041 Jonuurss
1007 2956 1240 3036 ‚Rvssncuvs
1260 2955 1290 3039 J.
1313 2954 1351 3021 C.
1369 2962 1404 3018 et
1419 2953 1452 3018 in

870 3080 1026 3144 supremo
1043 3059 1179 3139 Senatu,
1195 3057 1399 3123 Advocatus.
