4110 5844
730 662 897 716 somniis
919 662 969 716 το
991 663 1051 714 sm
1071 660 1171 729 Jonn
1193 661 1328 714 simun
1654 664 1715 727 179

347 822 478 905 Martyr
507 823 560 887 hic
589 822 823 906 Heidelbergae
847 823 918 902 fuit,
943 825 1000 907 qui
1024 832 1117 888 tuam
1140 822 1337 907 dignitatem
1366 821 1543 905 plurimum
1570 820 1713 884 salutare

344 925 451 1010 jussit,
469 926 552 991 haec
574 937 668 992 erant
690 926 762 1010 ejus
782 927 892 993 verba.
935 927 1125 1011 Johannem
1150 926 1353 992 Schinneum
1378 945 1489 991 meum
1512 935 1657 989 veterem
1679 935 1713 988 ct

345 1030 553 1095 carissimum
580 1030 724 1095 amicum
750 1031 832 1094 meis
856 1030 965 1095 verbis
991 1029 1139 1095 officiose
1164 1030 1282 1095 saluta.
1309 1030 1359 1094 Mi
1390 1028 1538 1094 Domine
1563 1028 1634 1093 Vix
1662 1039 1713 1092 est

346 1133 503 1198 credibile
518 1155 619 1218 quam
636 1134 679 1199 sit
694 1134 803 1199 adhuc
818 1143 966 1218 vegetus»,
981 1153 1057 1198 cum
1071 1134 1142 1218 jam
1159 1145 1238 1217 agat
1253 1133 1321 1197 lere
1335 1153 1461 1198 annum
1484 1149 1535 1214 70.
1580 1132 1711 1196 Vitium

346 1237 437 1302 nulla
451 1247 502 1302 est
517 1238 605 1302 iacta
620 1238 815 1317 debilitatio,
830 1238 1043 1303 solummodo
1057 1238 1143 1302 oculi
1160 1237 1205 1301 illi
1222 1238 1428 1320 aliquantum
1448 1238 1602 1321 caligant

411 1341 497 1406 Vale
535 1341 711 1426 magnifice
747 1342 902 1421 Domine,
939 1342 972 1407 in
1011 1340 1079 1407 filio
1125 1342 1189 1407 Dei
1230 1362 1332 1425 quam
1371 1341 1562 1406 beatissime
1597 1351 1630 1406 et
1658 1361 1712 1404 me

347 1445 600 1510 Rennecherum
638 1455 733 1511 tuum
771 1457 917 1512 veterem
955 1455 990 1512 et
1025 1447 1232 1510 carissimum
1270 1445 1415 1510 amicum
1453 1465 1565 1509 amare
1602 1465 1710 1529 perge.

344 1548 508 1632 Jacobum
554 1549 787 1614 Balendinium
828 1570 1041 1615 communem
1086 1560 1236 1615 nostrum
1280 1550 1425 1613 amicum
1472 1547 1712 1613 officiosissime

345 1652 498 1717 salutaris
527 1673 650 1737 quaeso.
696 1653 816 1719 Emdae
848 1674 970 1739 magna
1000 1654 1120 1719 seditio
1150 1663 1269 1719 exorta
1298 1665 1349 1718 est
1379 1654 1465 1718 inter
1494 1653 1649 1718 comitem
1677 1661 1711 1716 et

279 1830 282 1840 Ι
345 1756 433 1821 cives
444 1765 581 1842 propter
594 1756 788 1841 religionem
804 1758 847 1822 de
861 1778 928 1841 qua
940 1757 1029 1826 alias
1047 1758 1173 1823 Datum
1192 1757 1434 1841 Heidelbergae.
1478 1775 1501 1838 9
1517 1756 1650 1841 Aprilis.

674 1911 758 1977 Tuae
773 1910 918 1996 ampliss
934 1912 1091 1996 dignitati
1107 1911 1362 1990 addictissimus,

1076 2049 1208 2113 Hnnn:
1232 2049 1531 2114 Rssnnsscnssnus.

596 2159 938 2244 [Indiffaerenttand]
1071 2160 1321 2225 Hnnnnnnus
1345 2161 1644 2225 Rnnnncnnnus

518 2363 700 2447 Magnifico
736 2385 775 2428 ac
812 2363 1020 2429 nobilissimo
1060 2364 1130 2428 viro
1172 2363 1322 2429 Domino
1357 2362 1503 2447 Johanni
1542 2361 1710 2427 Schinneo

452 2466 661 2533 Serenissimi
688 2468 792 2551 Regis
819 2467 996 2534 Scotorum
1020 2465 1218 2532 Consiliario
1240 2467 1437 2551 dignissimo
1462 2466 1564 2531 veteri
1588 2466 1708 2531 fautori

451 2592 489 2635 ac
513 2572 662 2638 Domino
676 2593 738 2639 suo
752 2592 885 2638 summa
898 2571 1109 2638 observantia
1121 2571 1270 2637 colendo.

1205 2675 1446 2759 Edenburgum
1463 2675 1495 2739 in
1519 2674 1642 2741 Scotia
