4110 5844
801 1500 1043 1599 APPENDIX
1081 1500 1140 1583 ΝΟ·
1171 1500 1232 1583 111.

391 1811 624 1875 Lnunnsouv
647 1810 795 1875 Vsnsss
817 1823 1037 1874 nnnnssssn
1059 1823 1108 1875 το
1132 1809 1198 1875 Sm
1220 1809 1324 1892 JOHN
1349 1810 1482 1877 Suana
1504 1825 1556 1877 on
1583 1825 1644 1876 ffls

535 1960 764 2014 rusmsmnc
785 1960 864 2011 sus
887 1946 1040 2013 Rscmn
1064 1944 1317 2027 MAJESTATEM
1341 1961 1383 2012 m
1411 1949 1501 2030 1609.

985 2194 1041 2257 Ad

731 2296 897 2380 Joannem
920 2296 1100 2364 Skenaevm
1124 2297 1298 2383 Collegam

697 2400 803 2467 Suum
836 2400 870 2465 in
902 2399 1030 2466 Senatu
1061 2411 1095 2466 et
1128 2400 1334 2468 Archiotam.

613 2560 767 2625 Tandem
783 2559 847 2625 hoc
862 2560 1117 2646 palimpsestum
1133 2563 1166 2627 in
1183 2583 1302 2628 manus
1317 2563 1407 2648 vulgi
1423 2564 1517 2648 exijt,

657 2664 809 2744 Tersum,
823 2665 1041 2745 elaboratum,
1056 2666 1199 2751 elegans.

614 2769 681 2836 Sed
699 2769 783 2833 forte
798 2769 906 2834 nescis
921 2769 1001 2854 quid
1018 2770 1130 2836 tulerit
1145 2770 1198 2836 hic
1216 2770 1378 2837 Hercules

658 2873 773 2938 Bovile
787 2893 934 2958 purgans
949 2873 1121 2939 sordidum
1136 2897 1144 2939 :

613 2976 721 3042 Crede
737 2977 818 3042 mihi
835 2978 941 3043 multa
955 2978 1128 3044 devoravit
1142 2979 1253 3058 taedia,

658 3080 785 3146 Multos
801 3082 968 3166 trymixos
984 3082 1096 3149 ebibit.

614 3185 674 3263 Ite,
689 3186 743 3264 ite,
758 3207 878 3271 vappae
893 3187 1035 3266 desides,
1050 3186 1266 3252 Germaniam

656 3289 847 3370 Lustrastis,
862 3291 968 3374 etqui
984 3289 1120 3371 Gallias,

612 3393 684 3457 Nec
699 3394 779 3476 quid
796 3395 989 3478 reportastis
1005 3394 1143 3459 domum
1160 3403 1281 3479 praeter
1295 3414 1400 3459 novas

655 3495 861 3580 Amystidcs,
876 3518 936 3588 ceu
952 3497 1135 3582 syntheses.

612 3600 811 3684 Loquuntur
826 3602 889 3667 ista
904 3601 1046 3686 qualiter
1061 3623 1097 3669 se
1112 3603 1252 3687 gesserit

654 3704 839 3771 SKENAEvs
855 3706 888 3769 in
904 3707 1043 3791 puertia,

610 3807 678 3873 Vbi
694 3808 753 3872 vix
769 3829 828 3892 per
842 3819 977 3875 aetatem
993 3810 1106 3894 attigit
1121 3810 1387 3895 Rempublicam,

653 3911 834 3997 Rebusque
849 3934 922 3980 sese
937 3915 1126 3994 immiscuit,

610 4014 666 4079 Ad
683 4016 864 4096 Teutones,
879 4016 1020 4103 Anglos,
1037 4019 1163 4098 Dauos,
1178 4027 1212 4084 et
1229 4018 1389 4084 Battavos

654 4119 802 4204 Legatus
818 4121 894 4185 ilico
909 4122 1060 4189 mittitur.

608 4221 651 4304 Jd
667 4243 734 4306 qua
751 4223 919 4304 fidelitate,
935 4224 1163 4291 munificentia

652 4325 810 4392 Testatur
825 4329 889 4393 ista
906 4327 1076 4414 Principis.

609 4428 676 4512 Qui
692 4429 780 4497 hunc
796 4431 877 4515 legit
892 4452 937 4496 ex
953 4442 1005 4499 tot
1020 4431 1166 4497 millibus
1182 4432 1346 4509 reducem,
1361 4433 1414 4496 cui

652 4531 799 4599 Archiva
815 4535 925 4619 Regni
939 4536 1096 4602 crederet
