<?xml version="1.0" encoding="UTF-8"?>
<!DOCTYPE html PUBLIC "-//W3C//DTD XHTML 1.0 Transitional//EN"
    "http://www.w3.org/TR/xhtml1/DTD/xhtml1-transitional.dtd">
<html xmlns="http://www.w3.org/1999/xhtml" xml:lang="en" lang="en">
 <head>
  <title>
</title>
<meta http-equiv="Content-Type" content="text/html;charset=utf-8" />
  <meta name='ocr-system' content='tesseract 3.04.00' />
  <meta name='ocr-capabilities' content='ocr_page ocr_carea ocr_par ocr_line ocrx_word'/>
</head>
<body>
  <div class='ocr_page' id='page_1' title='image "./memorialsfamily00skengoog_0197.png"; bbox 0 0 4110 5844; ppageno 0'>
   <div class='ocr_carea' id='block_1_1' title="bbox 412 639 1348 724">
    <p class='ocr_par' dir='ltr' id='par_1_1' title="bbox 412 639 1348 724">
     <span class='ocr_line' id='line_1_1' title="bbox 412 639 1348 724; baseline -0.002 -16"><span class='ocrx_word' id='word_1_1' title='bbox 412 700 424 709; x_wconf 87' lang='grc'>,.</span> <span class='ocrx_word' id='word_1_2' title='bbox 501 639 561 724; x_wconf 89' lang='lat'>164</span> <span class='ocrx_word' id='word_1_3' title='bbox 1011 651 1202 707; x_wconf 76' lang='lat' dir='ltr'>nrraumx</span> <span class='ocrx_word' id='word_1_4' title='bbox 1227 652 1288 707; x_wconf 83' lang='lat' dir='ltr'>uo.</span> <span class='ocrx_word' id='word_1_5' title='bbox 1312 652 1348 706; x_wconf 86' lang='lat'>11.</span> 
     </span>
    </p>
   </div>
   <div class='ocr_carea' id='block_1_2' title="bbox 496 811 1868 2766">
    <p class='ocr_par' dir='ltr' id='par_1_2' title="bbox 496 811 1868 2766">
     <span class='ocr_line' id='line_1_2' title="bbox 496 811 1866 900; baseline -0.003 -19"><span class='ocrx_word' id='word_1_6' title='bbox 496 816 647 881; x_wconf 88' lang='lat' dir='ltr'>fauentes</span> <span class='ocrx_word' id='word_1_7' title='bbox 671 815 876 900; x_wconf 84' lang='lat' dir='ltr'>Calydonios</span> <span class='ocrx_word' id='word_1_8' title='bbox 900 816 981 881; x_wconf 87' lang='lat' dir='ltr'>deos</span> <span class='ocrx_word' id='word_1_9' title='bbox 1005 817 1115 882; x_wconf 91' lang='lat' dir='ltr'>dicam</span> <span class='ocrx_word' id='word_1_10' title='bbox 1146 835 1188 880; x_wconf 91' lang='lat' dir='ltr'>an</span> <span class='ocrx_word' id='word_1_11' title='bbox 1221 815 1416 900; x_wconf 87' lang='lat' dir='ltr'>Nymphas?</span> <span class='ocrx_word' id='word_1_12' title='bbox 1442 813 1656 898; x_wconf 81' lang='lat' dir='ltr'>experiretur,</span> <span class='ocrx_word' id='word_1_13' title='bbox 1679 812 1723 877; x_wconf 91' lang='lat' dir='ltr'>ab</span> <span class='ocrx_word' id='word_1_14' title='bbox 1747 811 1866 877; x_wconf 90' lang='lat' dir='ltr'>itinere</span> 
     </span>
     <span class='ocr_line' id='line_1_3' title="bbox 498 916 1864 999; baseline -0.004 -14"><span class='ocrx_word' id='word_1_15' title='bbox 498 929 658 986; x_wconf 88' lang='lat' dir='ltr'>retractus</span> <span class='ocrx_word' id='word_1_16' title='bbox 672 921 705 985; x_wconf 92' lang='lat' dir='ltr'>vi</span> <span class='ocrx_word' id='word_1_17' title='bbox 722 921 838 999; x_wconf 87' lang='lat' dir='ltr'>morbi,</span> <span class='ocrx_word' id='word_1_18' title='bbox 854 921 993 985; x_wconf 90' lang='lat' dir='ltr'>consilio</span> <span class='ocrx_word' id='word_1_19' title='bbox 1009 921 1213 985; x_wconf 91' lang='lat' dir='ltr'>medicorum</span> <span class='ocrx_word' id='word_1_20' title='bbox 1229 930 1263 985; x_wconf 90' lang='lat' dir='ltr'>et</span> <span class='ocrx_word' id='word_1_21' title='bbox 1286 922 1468 985; x_wconf 91' lang='lat' dir='ltr'>amicorum</span> <span class='ocrx_word' id='word_1_22' title='bbox 1492 919 1555 983; x_wconf 87' lang='lat' dir='ltr'>iter</span> <span class='ocrx_word' id='word_1_23' title='bbox 1577 917 1686 983; x_wconf 89' lang='lat' dir='ltr'>isthuc</span> <span class='ocrx_word' id='word_1_24' title='bbox 1708 935 1804 980; x_wconf 89' lang='lat' dir='ltr'>suum</span> <span class='ocrx_word' id='word_1_25' title='bbox 1830 916 1864 979; x_wconf 94' lang='lat' dir='ltr'>in</span> 
     </span>
     <span class='ocr_line' id='line_1_4' title="bbox 498 1020 1865 1108; baseline -0.002 -21"><span class='ocrx_word' id='word_1_26' title='bbox 498 1024 587 1088; x_wconf 91' lang='lat' dir='ltr'>aliud</span> <span class='ocrx_word' id='word_1_27' title='bbox 607 1034 740 1108; x_wconf 88' lang='lat' dir='ltr'>tempus</span> <span class='ocrx_word' id='word_1_28' title='bbox 758 1022 898 1101; x_wconf 83' lang='lat' dir='ltr'>differet,</span> <span class='ocrx_word' id='word_1_29' title='bbox 913 1044 952 1088; x_wconf 95' lang='lat' dir='ltr'>ac</span> <span class='ocrx_word' id='word_1_30' title='bbox 970 1023 1027 1088; x_wconf 91' lang='lat' dir='ltr'>ubi</span> <span class='ocrx_word' id='word_1_31' title='bbox 1050 1044 1095 1089; x_wconf 88' lang='lat' dir='ltr'>ex</span> <span class='ocrx_word' id='word_1_32' title='bbox 1119 1023 1201 1088; x_wconf 86' lang='lat' dir='ltr'>febri</span> <span class='ocrx_word' id='word_1_33' title='bbox 1224 1023 1367 1089; x_wconf 91' lang='lat' dir='ltr'>tertiana</span> <span class='ocrx_word' id='word_1_34' title='bbox 1385 1020 1589 1087; x_wconf 86' lang='lat' dir='ltr'>convaluerit</span> <span class='ocrx_word' id='word_1_35' title='bbox 1612 1030 1749 1105; x_wconf 88' lang='lat' dir='ltr'>propter</span> <span class='ocrx_word' id='word_1_36' title='bbox 1772 1023 1865 1084; x_wconf 83' lang='lat' dir='ltr'>meto</span> 
     </span>
     <span class='ocr_line' id='line_1_5' title="bbox 499 1124 1867 1210; baseline -0.003 -19"><span class='ocrx_word' id='word_1_37' title='bbox 499 1138 650 1192; x_wconf 91' lang='lat' dir='ltr'>motuum</span> <span class='ocrx_word' id='word_1_38' title='bbox 675 1128 732 1210; x_wconf 94' lang='lat' dir='ltr'>qui</span> <span class='ocrx_word' id='word_1_39' title='bbox 757 1128 861 1192; x_wconf 92' lang='lat' dir='ltr'>etium</span> <span class='ocrx_word' id='word_1_40' title='bbox 885 1127 940 1191; x_wconf 81' lang='lat' dir='ltr'>hic</span> <span class='ocrx_word' id='word_1_41' title='bbox 970 1128 1130 1192; x_wconf 90' lang='lat' dir='ltr'>timentur</span> <span class='ocrx_word' id='word_1_42' title='bbox 1159 1129 1192 1190; x_wconf 89' lang='lat' dir='ltr'>in</span> <span class='ocrx_word' id='word_1_43' title='bbox 1223 1126 1367 1192; x_wconf 86' lang='lat' dir='ltr'>Galliam</span> <span class='ocrx_word' id='word_1_44' title='bbox 1398 1125 1604 1210; x_wconf 86' lang='lat' dir='ltr'>profecturus</span> <span class='ocrx_word' id='word_1_45' title='bbox 1627 1133 1685 1188; x_wconf 89' lang='lat' dir='ltr'>est</span> <span class='ocrx_word' id='word_1_46' title='bbox 1734 1124 1867 1188; x_wconf 88' lang='lat' dir='ltr'>Interea</span> 
     </span>
     <span class='ocr_line' id='line_1_6' title="bbox 498 1226 1864 1314; baseline -0.004 -19"><span class='ocrx_word' id='word_1_47' title='bbox 498 1241 611 1295; x_wconf 89' lang='lat' dir='ltr'>tamen</span> <span class='ocrx_word' id='word_1_48' title='bbox 638 1251 706 1314; x_wconf 91' lang='lat' dir='ltr'>quo</span> <span class='ocrx_word' id='word_1_49' title='bbox 736 1241 786 1296; x_wconf 86' lang='lat' dir='ltr'>est</span> <span class='ocrx_word' id='word_1_50' title='bbox 816 1230 949 1295; x_wconf 91' lang='lat' dir='ltr'>heroico</span> <span class='ocrx_word' id='word_1_51' title='bbox 979 1231 1093 1295; x_wconf 92' lang='lat' dir='ltr'>animo</span> <span class='ocrx_word' id='word_1_52' title='bbox 1123 1229 1231 1295; x_wconf 81' lang='lat' dir='ltr'>fratris</span> <span class='ocrx_word' id='word_1_53' title='bbox 1261 1230 1371 1296; x_wconf 89' lang='lat' dir='ltr'>Caroli</span> <span class='ocrx_word' id='word_1_54' title='bbox 1402 1250 1501 1313; x_wconf 90' lang='lat' dir='ltr'>quem</span> <span class='ocrx_word' id='word_1_55' title='bbox 1533 1228 1633 1306; x_wconf 90' lang='lat' dir='ltr'>nosci,</span> <span class='ocrx_word' id='word_1_56' title='bbox 1660 1226 1800 1291; x_wconf 86' lang='lat' dir='ltr'>aemulus</span> <span class='ocrx_word' id='word_1_57' title='bbox 1831 1226 1864 1290; x_wconf 93' lang='lat' dir='ltr'>in</span> 
     </span>
     <span class='ocr_line' id='line_1_7' title="bbox 499 1331 1865 1418; baseline -0.004 -19"><span class='ocrx_word' id='word_1_58' title='bbox 499 1334 651 1399; x_wconf 91' lang='lat' dir='ltr'>amandis</span> <span class='ocrx_word' id='word_1_59' title='bbox 667 1335 718 1399; x_wconf 88' lang='lat' dir='ltr'>tui</span> <span class='ocrx_word' id='word_1_60' title='bbox 731 1334 894 1399; x_wconf 89' lang='lat' dir='ltr'>similibus</span> <span class='ocrx_word' id='word_1_61' title='bbox 909 1334 973 1399; x_wconf 95' lang='lat' dir='ltr'>hoc</span> <span class='ocrx_word' id='word_1_62' title='bbox 988 1344 1040 1400; x_wconf 90' lang='lat' dir='ltr'>est</span> <span class='ocrx_word' id='word_1_63' title='bbox 1053 1335 1132 1399; x_wconf 88' lang='lat' dir='ltr'>viris</span> <span class='ocrx_word' id='word_1_64' title='bbox 1150 1334 1294 1399; x_wconf 84' lang='lat' dir='ltr'>cordatis</span> <span class='ocrx_word' id='word_1_65' title='bbox 1312 1335 1459 1418; x_wconf 88' lang='lat' dir='ltr'>synceris</span> <span class='ocrx_word' id='word_1_66' title='bbox 1477 1343 1511 1398; x_wconf 92' lang='lat' dir='ltr'>et</span> <span class='ocrx_word' id='word_1_67' title='bbox 1529 1332 1695 1418; x_wconf 87' lang='lat' dir='ltr'>grauibus,</span> <span class='ocrx_word' id='word_1_68' title='bbox 1711 1331 1805 1395; x_wconf 87' lang='lat' dir='ltr'>iussit</span> <span class='ocrx_word' id='word_1_69' title='bbox 1827 1340 1865 1395; x_wconf 90' lang='lat' dir='ltr'>ut</span> 
     </span>
     <span class='ocr_line' id='line_1_8' title="bbox 500 1434 1866 1523; baseline -0.004 -20"><span class='ocrx_word' id='word_1_70' title='bbox 500 1458 564 1523; x_wconf 87' lang='lat' dir='ltr'>ego</span> <span class='ocrx_word' id='word_1_71' title='bbox 586 1447 620 1503; x_wconf 91' lang='lat' dir='ltr'>te</span> <span class='ocrx_word' id='word_1_72' title='bbox 640 1438 743 1522; x_wconf 94' lang='lat' dir='ltr'>ipsius</span> <span class='ocrx_word' id='word_1_73' title='bbox 763 1440 899 1503; x_wconf 87' lang='lat' dir='ltr'>nomine</span> <span class='ocrx_word' id='word_1_74' title='bbox 917 1448 1129 1523; x_wconf 85' lang='lat' dir='ltr'>peramanter</span> <span class='ocrx_word' id='word_1_75' title='bbox 1154 1437 1333 1503; x_wconf 88' lang='lat' dir='ltr'>salutarem</span> <span class='ocrx_word' id='word_1_76' title='bbox 1360 1436 1526 1520; x_wconf 89' lang='lat' dir='ltr'>simulque</span> <span class='ocrx_word' id='word_1_77' title='bbox 1552 1436 1667 1500; x_wconf 90' lang='lat' dir='ltr'>omnia</span> <span class='ocrx_word' id='word_1_78' title='bbox 1693 1434 1805 1499; x_wconf 90' lang='lat' dir='ltr'>studia</span> <span class='ocrx_word' id='word_1_79' title='bbox 1830 1443 1866 1498; x_wconf 90' lang='lat' dir='ltr'>et</span> 
     </span>
     <span class='ocr_line' id='line_1_9' title="bbox 500 1538 1867 1625; baseline -0.004 -19"><span class='ocrx_word' id='word_1_80' title='bbox 500 1543 607 1607; x_wconf 90' lang='lat' dir='ltr'>amica</span> <span class='ocrx_word' id='word_1_81' title='bbox 625 1542 734 1607; x_wconf 87' lang='lat' dir='ltr'>officia</span> <span class='ocrx_word' id='word_1_82' title='bbox 752 1542 898 1622; x_wconf 84' lang='lat' dir='ltr'>offerem,</span> <span class='ocrx_word' id='word_1_83' title='bbox 918 1542 1049 1607; x_wconf 90' lang='lat' dir='ltr'>Nobilis</span> <span class='ocrx_word' id='word_1_84' title='bbox 1070 1543 1236 1608; x_wconf 91' lang='lat' dir='ltr'>Henricus</span> <span class='ocrx_word' id='word_1_85' title='bbox 1257 1544 1300 1607; x_wconf 92' lang='lat' dir='ltr'>ab</span> <span class='ocrx_word' id='word_1_86' title='bbox 1324 1542 1499 1607; x_wconf 87' lang='lat' dir='ltr'>Eberbach</span> <span class='ocrx_word' id='word_1_87' title='bbox 1522 1541 1593 1624; x_wconf 86' lang='lat' dir='ltr'>ejus</span> <span class='ocrx_word' id='word_1_88' title='bbox 1613 1539 1798 1625; x_wconf 82' lang='lat' dir='ltr'>praet&#39;ectus,</span> <span class='ocrx_word' id='word_1_89' title='bbox 1814 1538 1867 1601; x_wconf 85' lang='lat' dir='ltr'>vir</span> 
     </span>
     <span class='ocr_line' id='line_1_10' title="bbox 500 1642 1866 1731; baseline -0.004 -21"><span class='ocrx_word' id='word_1_90' title='bbox 500 1646 657 1731; x_wconf 88' lang='lat' dir='ltr'>singulari</span> <span class='ocrx_word' id='word_1_91' title='bbox 674 1645 741 1711; x_wconf 88' lang='lat' dir='ltr'>fide</span> <span class='ocrx_word' id='word_1_92' title='bbox 756 1656 789 1711; x_wconf 93' lang='lat' dir='ltr'>et</span> <span class='ocrx_word' id='word_1_93' title='bbox 801 1647 978 1731; x_wconf 88' lang='lat' dir='ltr'>prudentia</span> <span class='ocrx_word' id='word_1_94' title='bbox 990 1648 1167 1731; x_wconf 89' lang='lat' dir='ltr'>plurimam</span> <span class='ocrx_word' id='word_1_95' title='bbox 1184 1646 1325 1712; x_wconf 91' lang='lat' dir='ltr'>salutem</span> <span class='ocrx_word' id='word_1_96' title='bbox 1341 1666 1474 1730; x_wconf 92' lang='lat' dir='ltr'>quoque</span> <span class='ocrx_word' id='word_1_97' title='bbox 1486 1646 1546 1711; x_wconf 93' lang='lat' dir='ltr'>tibi</span> <span class='ocrx_word' id='word_1_98' title='bbox 1559 1644 1700 1709; x_wconf 87' lang='lat' dir='ltr'>adscribi</span> <span class='ocrx_word' id='word_1_99' title='bbox 1712 1642 1814 1719; x_wconf 89' lang='lat' dir='ltr'>iussit,</span> <span class='ocrx_word' id='word_1_100' title='bbox 1825 1662 1866 1705; x_wconf 89' lang='lat' dir='ltr'>ac</span> 
     </span>
     <span class='ocr_line' id='line_1_11' title="bbox 500 1746 1866 1816; baseline -0.005 -1"><span class='ocrx_word' id='word_1_101' title='bbox 500 1751 543 1815; x_wconf 91' lang='lat' dir='ltr'>ad</span> <span class='ocrx_word' id='word_1_102' title='bbox 567 1761 601 1816; x_wconf 88' lang='lat' dir='ltr'>te</span> <span class='ocrx_word' id='word_1_103' title='bbox 622 1752 818 1815; x_wconf 86' lang='lat' dir='ltr'>transmittit</span> <span class='ocrx_word' id='word_1_104' title='bbox 841 1751 952 1815; x_wconf 89' lang='lat' dir='ltr'>literas</span> <span class='ocrx_word' id='word_1_105' title='bbox 975 1752 1202 1816; x_wconf 90' lang='lat' dir='ltr'>communium</span> <span class='ocrx_word' id='word_1_106' title='bbox 1225 1761 1413 1816; x_wconf 88' lang='lat' dir='ltr'>nostrorum</span> <span class='ocrx_word' id='word_1_107' title='bbox 1437 1750 1618 1814; x_wconf 89' lang='lat' dir='ltr'>amicorum</span> <span class='ocrx_word' id='word_1_108' title='bbox 1643 1746 1866 1812; x_wconf 90' lang='lat' dir='ltr'>Dominorum</span> 
     </span>
     <span class='ocr_line' id='line_1_12' title="bbox 502 1852 1868 1939; baseline -0.003 -22"><span class='ocrx_word' id='word_1_109' title='bbox 502 1854 672 1918; x_wconf 92' lang='lat' dir='ltr'>Budouitii</span> <span class='ocrx_word' id='word_1_110' title='bbox 685 1864 718 1919; x_wconf 91' lang='lat' dir='ltr'>et</span> <span class='ocrx_word' id='word_1_111' title='bbox 735 1855 866 1918; x_wconf 91' lang='lat' dir='ltr'>Lauinii</span> <span class='ocrx_word' id='word_1_112' title='bbox 882 1875 958 1920; x_wconf 90' lang='lat' dir='ltr'>cum</span> <span class='ocrx_word' id='word_1_113' title='bbox 975 1855 1140 1939; x_wconf 88' lang='lat' dir='ltr'>aliquibus</span> <span class='ocrx_word' id='word_1_114' title='bbox 1156 1854 1228 1919; x_wconf 88' lang='lat' dir='ltr'>aliis</span> <span class='ocrx_word' id='word_1_115' title='bbox 1244 1855 1286 1919; x_wconf 96' lang='lat' dir='ltr'>ad</span> <span class='ocrx_word' id='word_1_116' title='bbox 1305 1854 1472 1938; x_wconf 87' lang='lat' dir='ltr'>inclytum</span> <span class='ocrx_word' id='word_1_117' title='bbox 1497 1852 1678 1919; x_wconf 89' lang='lat' dir='ltr'>Stuardum</span> <span class='ocrx_word' id='word_1_118' title='bbox 1701 1870 1785 1934; x_wconf 92' lang='lat' dir='ltr'>quas</span> <span class='ocrx_word' id='word_1_119' title='bbox 1806 1869 1868 1913; x_wconf 91' lang='lat' dir='ltr'>oro</span> 
     </span>
     <span class='ocr_line' id='line_1_13' title="bbox 500 1953 1866 2041; baseline -0.003 -20"><span class='ocrx_word' id='word_1_120' title='bbox 500 1967 538 2022; x_wconf 91' lang='lat' dir='ltr'>ut</span> <span class='ocrx_word' id='word_1_121' title='bbox 553 1957 729 2041; x_wconf 87' lang='lat' dir='ltr'>diligenter</span> <span class='ocrx_word' id='word_1_122' title='bbox 744 1958 837 2022; x_wconf 88' lang='lat' dir='ltr'>reddi</span> <span class='ocrx_word' id='word_1_123' title='bbox 853 1979 954 2026; x_wconf 87' lang='lat' dir='ltr'>cures.</span> <span class='ocrx_word' id='word_1_124' title='bbox 1001 1959 1055 2023; x_wconf 90' lang='lat' dir='ltr'>De</span> <span class='ocrx_word' id='word_1_125' title='bbox 1070 1959 1167 2023; x_wconf 88' lang='lat' dir='ltr'>rebus</span> <span class='ocrx_word' id='word_1_126' title='bbox 1191 1959 1273 2022; x_wconf 87' lang='lat' dir='ltr'>meis</span> <span class='ocrx_word' id='word_1_127' title='bbox 1297 1957 1377 2021; x_wconf 92' lang='lat' dir='ltr'>nihil</span> <span class='ocrx_word' id='word_1_128' title='bbox 1401 1957 1515 2022; x_wconf 85' lang='lat' dir='ltr'>laetum</span> <span class='ocrx_word' id='word_1_129' title='bbox 1539 1956 1653 2020; x_wconf 92' lang='lat' dir='ltr'>omnia</span> <span class='ocrx_word' id='word_1_130' title='bbox 1675 1955 1809 2020; x_wconf 91' lang='lat' dir='ltr'>redacta</span> <span class='ocrx_word' id='word_1_131' title='bbox 1831 1953 1866 2017; x_wconf 91' lang='lat' dir='ltr'>in</span> 
     </span>
     <span class='ocr_line' id='line_1_14' title="bbox 502 2056 1867 2141; baseline -0.004 -16"><span class='ocrx_word' id='word_1_132' title='bbox 502 2059 617 2126; x_wconf 87' lang='lat' dir='ltr'>fiscum</span> <span class='ocrx_word' id='word_1_133' title='bbox 641 2062 824 2141; x_wconf 88' lang='lat' dir='ltr'>saubaudi;</span> <span class='ocrx_word' id='word_1_134' title='bbox 847 2073 959 2129; x_wconf 89' lang='lat' dir='ltr'>noster</span> <span class='ocrx_word' id='word_1_135' title='bbox 985 2062 1176 2128; x_wconf 90' lang='lat' dir='ltr'>Lodouicus</span> <span class='ocrx_word' id='word_1_136' title='bbox 1204 2062 1376 2127; x_wconf 92' lang='lat' dir='ltr'>Robineus</span> <span class='ocrx_word' id='word_1_137' title='bbox 1402 2063 1435 2125; x_wconf 93' lang='lat' dir='ltr'>in</span> <span class='ocrx_word' id='word_1_138' title='bbox 1462 2061 1654 2126; x_wconf 86' lang='lat' dir='ltr'>Pictonibus</span> <span class='ocrx_word' id='word_1_139' title='bbox 1680 2080 1737 2123; x_wconf 92' lang='lat' dir='ltr'>seu</span> <span class='ocrx_word' id='word_1_140' title='bbox 1764 2058 1807 2122; x_wconf 90' lang='lat' dir='ltr'>de</span> <span class='ocrx_word' id='word_1_141' title='bbox 1834 2056 1867 2120; x_wconf 90' lang='lat' dir='ltr'>la</span> 
     </span>
     <span class='ocr_line' id='line_1_15' title="bbox 502 2160 1867 2244; baseline -0.005 -13"><span class='ocrx_word' id='word_1_142' title='bbox 502 2164 722 2231; x_wconf 89' lang='lat' dir='ltr'>Chauuinicre</span> <span class='ocrx_word' id='word_1_143' title='bbox 738 2176 888 2229; x_wconf 92' lang='lat' dir='ltr'>mortuus</span> <span class='ocrx_word' id='word_1_144' title='bbox 904 2176 963 2244; x_wconf 88' lang='lat' dir='ltr'>est,</span> <span class='ocrx_word' id='word_1_145' title='bbox 978 2165 1231 2231; x_wconf 89' lang='lat' dir='ltr'>Musaneherius</span> <span class='ocrx_word' id='word_1_146' title='bbox 1245 2166 1329 2230; x_wconf 93' lang='lat' dir='ltr'>viuit</span> <span class='ocrx_word' id='word_1_147' title='bbox 1344 2175 1378 2230; x_wconf 90' lang='lat' dir='ltr'>ct</span> <span class='ocrx_word' id='word_1_148' title='bbox 1392 2164 1488 2229; x_wconf 88' lang='lat' dir='ltr'>valet</span> <span class='ocrx_word' id='word_1_149' title='bbox 1535 2163 1571 2229; x_wconf 89' lang='lat' dir='ltr'>Si</span> <span class='ocrx_word' id='word_1_150' title='bbox 1589 2163 1681 2227; x_wconf 88' lang='lat' dir='ltr'>Deus</span> <span class='ocrx_word' id='word_1_151' title='bbox 1695 2160 1786 2227; x_wconf 90' lang='lat' dir='ltr'>volet</span> <span class='ocrx_word' id='word_1_152' title='bbox 1803 2180 1867 2224; x_wconf 89' lang='lat' dir='ltr'>nos</span> 
     </span>
     <span class='ocr_line' id='line_1_16' title="bbox 501 2264 1866 2353; baseline -0.004 -21"><span class='ocrx_word' id='word_1_153' title='bbox 501 2269 612 2333; x_wconf 88' lang='lat' dir='ltr'>saluos</span> <span class='ocrx_word' id='word_1_154' title='bbox 627 2289 700 2333; x_wconf 87' lang='lat' dir='ltr'>esse</span> <span class='ocrx_word' id='word_1_155' title='bbox 717 2268 858 2346; x_wconf 91' lang='lat' dir='ltr'>Parisiis,</span> <span class='ocrx_word' id='word_1_156' title='bbox 874 2268 987 2332; x_wconf 86' lang='lat' dir='ltr'>illhinc</span> <span class='ocrx_word' id='word_1_157' title='bbox 1002 2269 1178 2353; x_wconf 89' lang='lat' dir='ltr'>diligenter</span> <span class='ocrx_word' id='word_1_158' title='bbox 1192 2269 1236 2333; x_wconf 91' lang='lat' dir='ltr'>dc</span> <span class='ocrx_word' id='word_1_159' title='bbox 1250 2269 1406 2333; x_wconf 89' lang='lat' dir='ltr'>omnibus</span> <span class='ocrx_word' id='word_1_160' title='bbox 1424 2268 1566 2332; x_wconf 90' lang='lat' dir='ltr'>scribam</span> <span class='ocrx_word' id='word_1_161' title='bbox 1583 2286 1658 2350; x_wconf 84' lang='lat' dir='ltr'>quae</span> <span class='ocrx_word' id='word_1_162' title='bbox 1674 2264 1801 2349; x_wconf 90' lang='lat' dir='ltr'>putabo</span> <span class='ocrx_word' id='word_1_163' title='bbox 1822 2264 1866 2327; x_wconf 93' lang='lat' dir='ltr'>ad</span> 
     </span>
     <span class='ocr_line' id='line_1_17' title="bbox 501 2369 1866 2455; baseline -0.004 -20"><span class='ocrx_word' id='word_1_164' title='bbox 501 2382 649 2438; x_wconf 88' lang='lat' dir='ltr'>nostram</span> <span class='ocrx_word' id='word_1_165' title='bbox 665 2372 847 2436; x_wconf 87' lang='lat' dir='ltr'>amicitiam</span> <span class='ocrx_word' id='word_1_166' title='bbox 863 2373 1034 2455; x_wconf 89' lang='lat' dir='ltr'>pertinere.</span> <span class='ocrx_word' id='word_1_167' title='bbox 1080 2372 1247 2439; x_wconf 85' lang='lat' dir='ltr'>Caeterum</span> <span class='ocrx_word' id='word_1_168' title='bbox 1268 2393 1327 2437; x_wconf 92' lang='lat' dir='ltr'>oro</span> <span class='ocrx_word' id='word_1_169' title='bbox 1350 2373 1460 2437; x_wconf 91' lang='lat' dir='ltr'>Deum</span> <span class='ocrx_word' id='word_1_170' title='bbox 1477 2371 1654 2455; x_wconf 91' lang='lat' dir='ltr'>Optimum</span> <span class='ocrx_word' id='word_1_171' title='bbox 1674 2369 1866 2433; x_wconf 90' lang='lat' dir='ltr'>Maximum</span> 
     </span>
     <span class='ocr_line' id='line_1_18' title="bbox 502 2470 1868 2554; baseline -0.005 -13"><span class='ocrx_word' id='word_1_172' title='bbox 502 2486 539 2541; x_wconf 89' lang='lat' dir='ltr'>ut</span> <span class='ocrx_word' id='word_1_173' title='bbox 562 2476 622 2541; x_wconf 90' lang='lat' dir='ltr'>tibi</span> <span class='ocrx_word' id='word_1_174' title='bbox 648 2487 682 2540; x_wconf 90' lang='lat' dir='ltr'>et</span> <span class='ocrx_word' id='word_1_175' title='bbox 708 2486 789 2541; x_wconf 84' lang='lat' dir='ltr'>totae</span> <span class='ocrx_word' id='word_1_176' title='bbox 816 2475 951 2539; x_wconf 85' lang='lat' dir='ltr'>familiae</span> <span class='ocrx_word' id='word_1_177' title='bbox 977 2474 1063 2540; x_wconf 73' lang='lat' dir='ltr'>bene</span> <span class='ocrx_word' id='word_1_178' title='bbox 1090 2476 1196 2554; x_wconf 88' lang='lat' dir='ltr'>faciat,</span> <span class='ocrx_word' id='word_1_179' title='bbox 1220 2476 1307 2541; x_wconf 88' lang='lat' dir='ltr'>Vale</span> <span class='ocrx_word' id='word_1_180' title='bbox 1326 2486 1360 2541; x_wconf 92' lang='lat' dir='ltr'>et</span> <span class='ocrx_word' id='word_1_181' title='bbox 1382 2497 1466 2542; x_wconf 90' lang='lat' dir='ltr'>ama.</span> <span class='ocrx_word' id='word_1_182' title='bbox 1514 2474 1677 2551; x_wconf 93' lang='lat' dir='ltr'>Londino,</span> <span class='ocrx_word' id='word_1_183' title='bbox 1703 2473 1758 2536; x_wconf 87' lang='lat' dir='ltr'>die</span> <span class='ocrx_word' id='word_1_184' title='bbox 1781 2470 1868 2535; x_wconf 88' lang='lat' dir='ltr'>sesto</span> 
     </span>
     <span class='ocr_line' id='line_1_19' title="bbox 504 2579 879 2663; baseline -0.008 -17"><span class='ocrx_word' id='word_1_185' title='bbox 504 2579 619 2646; x_wconf 91' lang='lat' dir='ltr'>Sancti</span> <span class='ocrx_word' id='word_1_186' title='bbox 636 2579 770 2663; x_wconf 89' lang='lat' dir='ltr'>Georgii</span> <span class='ocrx_word' id='word_1_187' title='bbox 790 2581 879 2660; x_wconf 79' lang='lat'>1596.</span> 
     </span>
     <span class='ocr_line' id='line_1_20' title="bbox 569 2699 1330 2766; baseline 0.003 -3"><span class='ocrx_word' id='word_1_188' title='bbox 569 2700 608 2765; x_wconf 87' lang='lat' dir='ltr'>T.</span> <span class='ocrx_word' id='word_1_189' title='bbox 624 2699 666 2766; x_wconf 88' lang='lat' dir='ltr'>A.</span> <span class='ocrx_word' id='word_1_190' title='bbox 683 2700 946 2765; x_wconf 90' lang='lat' dir='ltr'>studiosissimus</span> <span class='ocrx_word' id='word_1_191' title='bbox 961 2709 995 2765; x_wconf 87' lang='lat' dir='ltr'>et</span> <span class='ocrx_word' id='word_1_192' title='bbox 1010 2700 1330 2765; x_wconf 90' lang='lat' dir='ltr'>obseruantissimus.</span> 
     </span>
    </p>
   </div>
   <div class='ocr_carea' id='block_1_3' title="bbox 1392 2836 1817 2904">
    <p class='ocr_par' dir='ltr' id='par_1_3' title="bbox 1392 2836 1817 2904">
     <span class='ocr_line' id='line_1_21' title="bbox 1392 2836 1817 2904; baseline -0.009 0"><span class='ocrx_word' id='word_1_193' title='bbox 1392 2838 1642 2904; x_wconf 69' lang='lat' dir='ltr'>Carantonus</span> <span class='ocrx_word' id='word_1_194' title='bbox 1666 2836 1817 2900; x_wconf 66' lang='lat' dir='ltr'>Dotem.</span> 
     </span>
    </p>
   </div>
   <div class='ocr_carea' id='block_1_4' title="bbox 613 3023 1870 3214">
    <p class='ocr_par' dir='ltr' id='par_1_4' title="bbox 613 3023 1870 3214">
     <span class='ocr_line' id='line_1_22' title="bbox 677 3023 1869 3110; baseline -0.006 -18"><span class='ocrx_word' id='word_1_195' title='bbox 677 3026 869 3093; x_wconf 90' lang='lat' dir='ltr'>Clarissimo</span> <span class='ocrx_word' id='word_1_196' title='bbox 894 3027 966 3091; x_wconf 88' lang='lat' dir='ltr'>viro</span> <span class='ocrx_word' id='word_1_197' title='bbox 993 3026 1141 3091; x_wconf 91' lang='lat' dir='ltr'>Domino</span> <span class='ocrx_word' id='word_1_198' title='bbox 1166 3026 1287 3109; x_wconf 89' lang='lat' dir='ltr'>Joanni</span> <span class='ocrx_word' id='word_1_199' title='bbox 1318 3026 1455 3093; x_wconf 84' lang='lat' dir='ltr'>Skinaeo</span> <span class='ocrx_word' id='word_1_200' title='bbox 1484 3026 1512 3109; x_wconf 90' lang='lat' dir='ltr'>J.</span> <span class='ocrx_word' id='word_1_201' title='bbox 1544 3026 1602 3091; x_wconf 68' lang='lat' dir='ltr'>cre</span> <span class='ocrx_word' id='word_1_202' title='bbox 1632 3024 1720 3110; x_wconf 89' lang='lat' dir='ltr'>apud</span> <span class='ocrx_word' id='word_1_203' title='bbox 1748 3023 1869 3089; x_wconf 86' lang='lat' dir='ltr'>Scotos</span> 
     </span>
     <span class='ocr_line' id='line_1_23' title="bbox 613 3125 1870 3214; baseline -0.004 -20"><span class='ocrx_word' id='word_1_204' title='bbox 613 3151 736 3214; x_wconf 92' lang='lat' dir='ltr'>magno</span> <span class='ocrx_word' id='word_1_205' title='bbox 752 3130 950 3194; x_wconf 89' lang='lat' dir='ltr'>Rotulorum</span> <span class='ocrx_word' id='word_1_206' title='bbox 968 3130 1141 3214; x_wconf 85' lang='lat' dir='ltr'>Magistro,</span> <span class='ocrx_word' id='word_1_207' title='bbox 1157 3131 1306 3195; x_wconf 90' lang='lat' dir='ltr'>Domino</span> <span class='ocrx_word' id='word_1_208' title='bbox 1321 3141 1354 3196; x_wconf 89' lang='lat' dir='ltr'>et</span> <span class='ocrx_word' id='word_1_209' title='bbox 1369 3131 1477 3196; x_wconf 90' lang='lat' dir='ltr'>amico</span> <span class='ocrx_word' id='word_1_210' title='bbox 1492 3151 1553 3194; x_wconf 92' lang='lat' dir='ltr'>suo</span> <span class='ocrx_word' id='word_1_211' title='bbox 1568 3127 1726 3213; x_wconf 89' lang='lat' dir='ltr'>singulari</span> <span class='ocrx_word' id='word_1_212' title='bbox 1747 3125 1812 3190; x_wconf 87' lang='lat' dir='ltr'>fide</span> <span class='ocrx_word' id='word_1_213' title='bbox 1835 3135 1870 3190; x_wconf 85' lang='lat' dir='ltr'>et</span> 
     </span>
    </p>
   </div>
   <div class='ocr_carea' id='block_1_5' title="bbox 612 3232 1716 3404">
    <p class='ocr_par' dir='ltr' id='par_1_5' title="bbox 612 3232 1716 3404">
     <span class='ocr_line' id='line_1_24' title="bbox 612 3232 987 3298; baseline 0 0"><span class='ocrx_word' id='word_1_214' title='bbox 612 3233 824 3298; x_wconf 90' lang='lat' dir='ltr'>obseruantia</span> <span class='ocrx_word' id='word_1_215' title='bbox 838 3232 987 3298; x_wconf 89' lang='lat' dir='ltr'>colendo.</span> 
     </span>
     <span class='ocr_line' id='line_1_25' title="bbox 1463 3319 1716 3404; baseline -0.012 -18"><span class='ocrx_word' id='word_1_216' title='bbox 1463 3319 1716 3404; x_wconf 90' lang='lat' dir='ltr'>Edimburgum.</span> 
     </span>
    </p>
   </div>
   <div class='ocr_carea' id='block_1_6' title="bbox 1175 3588 1205 3651">
    <p class='ocr_par' dir='ltr' id='par_1_6' title="bbox 1175 3588 1205 3651">
     <span class='ocr_line' id='line_1_26' title="bbox 1175 3588 1205 3651; baseline 0 0"><span class='ocrx_word' id='word_1_217' title='bbox 1175 3588 1205 3651; x_wconf 85' lang='lat'>9·</span> 
     </span>
    </p>
   </div>
   <div class='ocr_carea' id='block_1_7' title="bbox 508 3721 1872 4643">
    <p class='ocr_par' dir='ltr' id='par_1_7' title="bbox 574 3721 1868 3818">
     <span class='ocr_line' id='line_1_27' title="bbox 574 3721 1868 3818; baseline -0.002 -30"><span class='ocrx_word' id='word_1_218' title='bbox 574 3721 791 3789; x_wconf 87' lang='lat' dir='ltr'>Serenissime</span> <span class='ocrx_word' id='word_1_219' title='bbox 808 3722 1108 3818; x_wconf 78' lang='lat' dir='ltr'>Potentissimeque</span> <span class='ocrx_word' id='word_1_220' title='bbox 1120 3723 1219 3788; x_wconf 86' lang='lat' dir='ltr'>REX</span> <span class='ocrx_word' id='word_1_221' title='bbox 1232 3745 1271 3788; x_wconf 90' lang='lat' dir='ltr'>ac</span> <span class='ocrx_word' id='word_1_222' title='bbox 1284 3724 1430 3789; x_wconf 90' lang='lat' dir='ltr'>Domine</span> <span class='ocrx_word' id='word_1_223' title='bbox 1447 3725 1593 3788; x_wconf 89' lang='lat' dir='ltr'>Domine</span> <span class='ocrx_word' id='word_1_224' title='bbox 1604 3723 1868 3789; x_wconf 88' lang='lat' dir='ltr'>clementissime.</span> 
     </span>
    </p>

    <p class='ocr_par' dir='ltr' id='par_1_8' title="bbox 508 3826 1872 4643">
     <span class='ocr_line' id='line_1_28' title="bbox 573 3826 1870 3911; baseline -0.001 -19"><span class='ocrx_word' id='word_1_225' title='bbox 573 3827 777 3892; x_wconf 89' lang='lat' dir='ltr'>Gratissimis</span> <span class='ocrx_word' id='word_1_226' title='bbox 803 3826 923 3890; x_wconf 90' lang='lat' dir='ltr'>animis</span> <span class='ocrx_word' id='word_1_227' title='bbox 949 3828 1097 3911; x_wconf 88' lang='lat' dir='ltr'>amplexi</span> <span class='ocrx_word' id='word_1_228' title='bbox 1123 3847 1238 3893; x_wconf 92' lang='lat' dir='ltr'>sumus</span> <span class='ocrx_word' id='word_1_229' title='bbox 1269 3827 1495 3894; x_wconf 87' lang='lat' dir='ltr'>Serenissimae</span> <span class='ocrx_word' id='word_1_230' title='bbox 1527 3828 1715 3911; x_wconf 91' lang='lat' dir='ltr'>Majestatis</span> <span class='ocrx_word' id='word_1_231' title='bbox 1739 3829 1870 3893; x_wconf 88' lang='lat' dir='ltr'>Vestrae</span> 
     </span>
     <span class='ocr_line' id='line_1_29' title="bbox 508 3931 1870 4016; baseline 0 -21"><span class='ocrx_word' id='word_1_232' title='bbox 508 3932 636 4014; x_wconf 86' lang='lat' dir='ltr'>lusique</span> <span class='ocrx_word' id='word_1_233' title='bbox 648 3931 791 4013; x_wconf 87' lang='lat' dir='ltr'>justiciae</span> <span class='ocrx_word' id='word_1_234' title='bbox 805 3940 840 3995; x_wconf 92' lang='lat' dir='ltr'>et</span> <span class='ocrx_word' id='word_1_235' title='bbox 856 3931 888 3993; x_wconf 93' lang='lat' dir='ltr'>in</span> <span class='ocrx_word' id='word_1_236' title='bbox 906 3940 1069 3994; x_wconf 87' lang='lat' dir='ltr'>nostrates</span> <span class='ocrx_word' id='word_1_237' title='bbox 1089 3931 1210 3998; x_wconf 88' lang='lat' dir='ltr'>favoris</span> <span class='ocrx_word' id='word_1_238' title='bbox 1230 3942 1265 3997; x_wconf 89' lang='lat' dir='ltr'>et</span> <span class='ocrx_word' id='word_1_239' title='bbox 1287 3932 1473 3997; x_wconf 85' lang='lat' dir='ltr'>clementiae</span> <span class='ocrx_word' id='word_1_240' title='bbox 1495 3932 1642 3997; x_wconf 89' lang='lat' dir='ltr'>studium</span> <span class='ocrx_word' id='word_1_241' title='bbox 1665 3932 1755 4016; x_wconf 92' lang='lat' dir='ltr'>quod</span> <span class='ocrx_word' id='word_1_242' title='bbox 1779 3932 1870 3996; x_wconf 90' lang='lat' dir='ltr'>miris</span> 
     </span>
     <span class='ocr_line' id='line_1_30' title="bbox 508 4032 1871 4121; baseline 0.001 -23"><span class='ocrx_word' id='word_1_243' title='bbox 508 4035 617 4098; x_wconf 89' lang='lat' dir='ltr'>modis</span> <span class='ocrx_word' id='word_1_244' title='bbox 632 4033 727 4096; x_wconf 91' lang='lat' dir='ltr'>nobis</span> <span class='ocrx_word' id='word_1_245' title='bbox 742 4032 965 4115; x_wconf 71' lang='lat' dir='ltr'>praedicarunt</span> <span class='ocrx_word' id='word_1_246' title='bbox 976 4034 1065 4097; x_wconf 91' lang='lat' dir='ltr'>cives</span> <span class='ocrx_word' id='word_1_247' title='bbox 1080 4037 1183 4100; x_wconf 90' lang='lat' dir='ltr'>nostri</span> <span class='ocrx_word' id='word_1_248' title='bbox 1198 4037 1270 4121; x_wconf 88' lang='lat' dir='ltr'>ejus</span> <span class='ocrx_word' id='word_1_249' title='bbox 1285 4037 1379 4101; x_wconf 91' lang='lat' dir='ltr'>navis</span> <span class='ocrx_word' id='word_1_250' title='bbox 1397 4037 1598 4101; x_wconf 82' lang='lat' dir='ltr'>exercitores</span> <span class='ocrx_word' id='word_1_251' title='bbox 1613 4047 1647 4102; x_wconf 87' lang='lat' dir='ltr'>et</span> <span class='ocrx_word' id='word_1_252' title='bbox 1663 4045 1871 4116; x_wconf 87' lang='lat' dir='ltr'>mercatores,</span> 
     </span>
     <span class='ocr_line' id='line_1_31' title="bbox 508 4135 1870 4224; baseline 0.001 -22"><span class='ocrx_word' id='word_1_253' title='bbox 508 4157 608 4220; x_wconf 88' lang='lat' dir='ltr'>qvam</span> <span class='ocrx_word' id='word_1_254' title='bbox 635 4135 759 4200; x_wconf 90' lang='lat' dir='ltr'>subditi</span> <span class='ocrx_word' id='word_1_255' title='bbox 792 4136 932 4200; x_wconf 90' lang='lat' dir='ltr'>Illustris</span> <span class='ocrx_word' id='word_1_256' title='bbox 963 4136 1101 4201; x_wconf 92' lang='lat' dir='ltr'>Domini</span> <span class='ocrx_word' id='word_1_257' title='bbox 1132 4138 1273 4204; x_wconf 89' lang='lat' dir='ltr'>Comitis</span> <span class='ocrx_word' id='word_1_258' title='bbox 1303 4141 1467 4218; x_wconf 91' lang='lat' dir='ltr'>Orcauen,</span> <span class='ocrx_word' id='word_1_259' title='bbox 1496 4140 1671 4224; x_wconf 73' lang='lat' dir='ltr'>praeteritis</span> <span class='ocrx_word' id='word_1_260' title='bbox 1701 4140 1796 4204; x_wconf 88' lang='lat' dir='ltr'>annis</span> <span class='ocrx_word' id='word_1_261' title='bbox 1826 4140 1870 4204; x_wconf 91' lang='lat' dir='ltr'>ad</span> 
     </span>
     <span class='ocr_line' id='line_1_32' title="bbox 510 4240 1872 4327; baseline 0.002 -22"><span class='ocrx_word' id='word_1_262' title='bbox 510 4240 658 4305; x_wconf 92' lang='lat' dir='ltr'>Insulam</span> <span class='ocrx_word' id='word_1_263' title='bbox 686 4240 831 4306; x_wconf 91' lang='lat' dir='ltr'>Unstam</span> <span class='ocrx_word' id='word_1_264' title='bbox 859 4240 1006 4305; x_wconf 90' lang='lat' dir='ltr'>Ditionis</span> <span class='ocrx_word' id='word_1_265' title='bbox 1030 4241 1218 4324; x_wconf 75' lang='lat' dir='ltr'>Maiestatis</span> <span class='ocrx_word' id='word_1_266' title='bbox 1240 4243 1371 4310; x_wconf 77' lang='lat' dir='ltr'>Vestra</span> <span class='ocrx_word' id='word_1_267' title='bbox 1397 4246 1429 4309; x_wconf 89' lang='lat' dir='ltr'>vi</span> <span class='ocrx_word' id='word_1_268' title='bbox 1456 4255 1490 4310; x_wconf 92' lang='lat' dir='ltr'>et</span> <span class='ocrx_word' id='word_1_269' title='bbox 1516 4264 1617 4309; x_wconf 90' lang='lat' dir='ltr'>manu</span> <span class='ocrx_word' id='word_1_270' title='bbox 1640 4254 1810 4327; x_wconf 83' lang='lat' dir='ltr'>caeperunt</span> <span class='ocrx_word' id='word_1_271' title='bbox 1831 4263 1872 4308; x_wconf 89' lang='lat' dir='ltr'>ac</span> 
     </span>
     <span class='ocr_line' id='line_1_33' title="bbox 510 4345 1872 4432; baseline 0.002 -23"><span class='ocrx_word' id='word_1_272' title='bbox 510 4346 701 4429; x_wconf 87' lang='lat' dir='ltr'>spoliarunt</span> <span class='ocrx_word' id='word_1_273' title='bbox 763 4345 851 4409; x_wconf 93' lang='lat' dir='ltr'>Nam</span> <span class='ocrx_word' id='word_1_274' title='bbox 893 4346 983 4427; x_wconf 90' lang='lat' dir='ltr'>quod</span> <span class='ocrx_word' id='word_1_275' title='bbox 1025 4366 1139 4410; x_wconf 87' lang='lat' dir='ltr'>eorum</span> <span class='ocrx_word' id='word_1_276' title='bbox 1181 4348 1407 4413; x_wconf 91' lang='lat' dir='ltr'>mandatarius</span> <span class='ocrx_word' id='word_1_277' title='bbox 1445 4349 1688 4415; x_wconf 88' lang='lat' dir='ltr'>Omatissimus</span> <span class='ocrx_word' id='word_1_278' title='bbox 1723 4349 1872 4432; x_wconf 88' lang='lat' dir='ltr'>Joannes</span> 
     </span>
     <span class='ocr_line' id='line_1_34' title="bbox 512 4448 1872 4534; baseline 0.003 -22"><span class='ocrx_word' id='word_1_279' title='bbox 512 4448 661 4527; x_wconf 91' lang='lat' dir='ltr'>Ehlcrus,</span> <span class='ocrx_word' id='word_1_280' title='bbox 687 4460 764 4533; x_wconf 91' lang='lat' dir='ltr'>post</span> <span class='ocrx_word' id='word_1_281' title='bbox 794 4460 962 4534; x_wconf 91' lang='lat' dir='ltr'>peractam</span> <span class='ocrx_word' id='word_1_282' title='bbox 990 4449 1073 4532; x_wconf 85' lang='lat' dir='ltr'>juris</span> <span class='ocrx_word' id='word_1_283' title='bbox 1103 4472 1237 4516; x_wconf 91' lang='lat' dir='ltr'>omnem</span> <span class='ocrx_word' id='word_1_284' title='bbox 1264 4451 1366 4517; x_wconf 89' lang='lat' dir='ltr'>feruie</span> <span class='ocrx_word' id='word_1_285' title='bbox 1395 4453 1629 4519; x_wconf 91' lang='lat' dir='ltr'>solennitatem</span> <span class='ocrx_word' id='word_1_286' title='bbox 1657 4451 1872 4517; x_wconf 84' lang='lat' dir='ltr'>nihilominus</span> 
     </span>
     <span class='ocr_line' id='line_1_35' title="bbox 510 4552 1871 4643; baseline 0.003 -25"><span class='ocrx_word' id='word_1_287' title='bbox 510 4554 675 4619; x_wconf 83' lang='lat' dir='ltr'>sententia</span> <span class='ocrx_word' id='word_1_288' title='bbox 694 4552 865 4620; x_wconf 90' lang='lat' dir='ltr'>definitiva</span> <span class='ocrx_word' id='word_1_289' title='bbox 888 4554 921 4617; x_wconf 92' lang='lat' dir='ltr'>in</span> <span class='ocrx_word' id='word_1_290' title='bbox 942 4573 1042 4618; x_wconf 84' lang='lat' dir='ltr'>causa</span> <span class='ocrx_word' id='word_1_291' title='bbox 1063 4574 1170 4620; x_wconf 87' lang='lat' dir='ltr'>rerum</span> <span class='ocrx_word' id='word_1_292' title='bbox 1191 4557 1394 4640; x_wconf 86' lang='lat' dir='ltr'>direptarum</span> <span class='ocrx_word' id='word_1_293' title='bbox 1414 4558 1588 4643; x_wconf 88' lang='lat' dir='ltr'>principali</span> <span class='ocrx_word' id='word_1_294' title='bbox 1610 4557 1790 4623; x_wconf 89' lang='lat' dir='ltr'>destitutus</span> <span class='ocrx_word' id='word_1_295' title='bbox 1811 4564 1871 4622; x_wconf 81' lang='lat' dir='ltr'>cst</span> 
     </span>
    </p>
   </div>
   <div class='ocr_carea' id='block_1_8' title="bbox 0 0 2073 5844">
    <p class='ocr_par' dir='ltr' id='par_1_9' title="bbox 0 0 2073 5844">
     <span class='ocr_line' id='line_1_36' title="bbox 0 0 2073 5844; baseline 0 0"><span class='ocrx_word' id='word_1_296' title='bbox 0 0 2073 5844; x_wconf 95' lang='lat' dir='ltr'> </span> 
     </span>
    </p>
   </div>
  </div>
 </body>
</html>
