4110 5844
730 618 897 674 LETTERS
918 621 968 675 to
989 619 1049 674 SlR
1070 620 1169 688 Jomt
1193 620 1328 678 SKENE.
1650 623 1709 692 173

346 780 437 864 quod
468 778 664 846 beneficium
695 781 794 847 mihi
814 801 881 846 non
918 783 980 846 erit
1016 791 1087 848 tam
1124 782 1270 862 charum,
1299 781 1401 866 quam
1438 782 1546 867 pietas
1578 783 1641 848 erit
1677 784 1711 848 in

347 883 519 950 referenda
546 884 655 968 gratia
681 885 838 970 jucunda
884 887 960 970 Ego
989 886 1023 950 in
1054 895 1088 952 te
1112 887 1225 953 videre
1255 886 1382 962 scirem,
1401 902 1482 951 *cum
1508 886 1581 950 haec
1607 887 1650 951 ad
1677 895 1711 952 te

346 988 533 1067 scriberem,
547 999 754 1074 quantopere
768 990 796 1054 si
811 989 895 1054 alius
914 1010 1003 1054 esses
1024 991 1057 1055 in
1076 990 1139 1056 hac
1163 990 1324 1075 petitione
1344 990 1396 1074 (ut
1414 1011 1466 1055 res
1486 1010 1571 1055 meae
1589 989 1711 1074 fluunt)

311 1112 313 1118 ·
347 1091 427 1157 mihi
454 1092 540 1157 foret
564 1092 813 1172 elaborandum,
839 1094 934 1177 plura
959 1094 1144 1160 scriberem.
1202 1095 1300 1160 Nunc
1326 1094 1386 1160 tibi
1410 1094 1462 1178 (ut
1488 1095 1712 1179 superioribus

344 1197 429 1261 meis
444 1198 517 1261 vnis
532 1207 634 1279 atque
648 1197 760 1262 alteris
775 1196 852 1281 ieci)
864 1218 999 1263 ornnem
1012 1219 1081 1263 rem
1097 1209 1131 1264 et
1146 1218 1281 1263 causam
1298 1218 1417 1282 meque
1432 1208 1541 1263 totum
1562 1198 1659 1263 trado
1677 1207 1712 1263 et

346 1301 547 1375 commendo
576 1321 718 1365 uxorem
749 1311 841 1366 tuam
872 1301 1123 1366 selectissimam
1162 1301 1252 1365 illam
1286 1311 1474 1366 matronam
1503 1311 1538 1366 et
1564 1302 1617 1366 cui
1646 1321 1710 1386 ego

346 1405 529 1469 secundum
550 1414 704 1488 parentes
724 1404 903 1488 plurimum
928 1404 1036 1470 debeo
1055 1403 1187 1489 proprie
1209 1415 1243 1470 et
1262 1406 1294 1468 in
1318 1405 1434 1489 primis
1453 1404 1575 1470 deinde
1595 1405 1712 1469 fratres

347 1507 532 1591 liberosque
548 1519 624 1573 tuos
638 1529 739 1592 quam
759 1529 896 1593 possum
910 1518 1063 1574 amanter
1079 1518 1114 1572 et
1131 1508 1278 1573 officiose
1299 1508 1423 1573 saluto:
1445 1518 1656 1590 vestramque
1676 1508 1709 1571 in

348 1630 402 1677 me
426 1612 694 1677 benevolentiam
714 1633 821 1678 raram
843 1613 1003 1679 hactenus
1027 1622 1061 1677 et
1082 1612 1284 1696 singularem
1299 1611 1421 1676 virtute
1443 1621 1477 1676 et
1501 1611 1711 1676 observantia

347 1721 422 1781 mea
437 1717 544 1782 indies
556 1717 730 1800 justiorem
755 1718 863 1783 lacere
884 1716 1035 1782 studebo.
1080 1716 1166 1782 Vale
1190 1714 1393 1798 Helmstadij
1411 1714 1487 1781 Cal:
1508 1715 1599 1799 Junij
1629 1717 1710 1797 1598

349 1819 433 1885 Haec
450 1823 571 1905 raptim

732 1924 863 1990 Vestrae
879 1925 1051 2009 dignitatis
1066 1923 1328 1987 studiosissimus

1198 2057 1423 2124 Gummuus
1447 2058 1668 2126 susumus

521 2272 713 2338 Clarissimo
728 2283 762 2339 et
777 2273 970 2339 doctissimo
986 2271 1095 2339 Sexto
1111 2271 1287 2338 Scotorum
1311 2271 1380 2355 regi
1403 2293 1423 2336 a
1445 2273 1573 2338 tablino
1596 2293 1708 2338 recon-

455 2376 573 2441 ditiore
589 2388 705 2443 senatu
724 2377 769 2443 M.
784 2377 930 2460 Johanni
947 2377 1092 2444 Skenaeo
1107 2385 1226 2460 patruo
1241 2396 1280 2440 ac
1296 2376 1475 2443 Mecaenati
1490 2397 1565 2442 suo:
1587 2377 1649 2442 sal:

521 2512 754 2599 Edinburgum
770 2536 845 2599 quae
861 2525 911 2580 est
927 2515 960 2580 in
984 2514 1099 2581 Scotia
1112 2512 1165 2580 vel
1181 2513 1420 2580 Aberdoniam

1008 2830 1054 2896 17.

351 3011 353 3016 -
390 3009 393 3014 -
411 2965 561 3050 Benigne
578 2966 745 3031 Mecaenas
760 2975 794 3031 et
811 2967 1006 3032 Reverende
1021 2969 1150 3046 Patrue,
1167 2967 1268 3034 Salue
1282 2977 1343 3033 etc.

377 3062 379 3066 '
412 3068 448 3135 Si
467 3070 594 3148 valetis,
616 3070 702 3134 bene
724 3080 785 3149 est,
809 3091 870 3134 nos
899 3071 1035 3154 quidem
1055 3070 1212 3136 valemus
1258 3070 1450 3137 Secundum
1467 3071 1538 3154 jam
1558 3092 1707 3137 mensem

348 3172 569 3257 Helmestadij
587 3174 807 3251 subsistimus,
821 3175 910 3239 unde
929 3195 991 3240 nos
1013 3174 1091 3240 ante
1106 3174 1217 3240 literas
1235 3175 1278 3239 ad
1294 3194 1353 3239 vos
1372 3175 1579 3252 dederamus,
1595 3177 1621 3240 is
1636 3177 1708 3241 dies

344 3286 415 3341 erat
444 3293 480 3341 12
508 3277 600 3361 Maij,
614 3279 672 3343 sed
695 3278 883 3361 Hamburgi
902 3280 1052 3345 seniente
1074 3288 1177 3363 peste,
1195 3279 1332 3362 quando
1355 3278 1476 3343 isthinc
1494 3279 1537 3344 ad
1555 3299 1616 3344 vos
1635 3299 1708 3364 per·

344 3379 497 3444 ferendas
518 3382 750 3458 curaverimus,
767 3391 826 3446 aut
849 3383 1053 3448 intercidisse
1068 3394 1126 3449 aut
1145 3384 1189 3448 ad
1213 3403 1272 3447 vos
1294 3382 1439 3467 perlatas
1459 3383 1608 3448 nondum
1626 3404 1707 3463 esse,

345 3484 512 3568 suspicor:
538 3484 669 3550 Itineris
692 3487 757 3550 mei
779 3485 849 3568 jam
875 3486 940 3550 Dei
964 3487 1072 3569 gratia
1089 3486 1252 3565 conlecti3
1274 3487 1348 3570 quis
1365 3486 1409 3551 sit
1424 3485 1553 3551 futurus
1573 3485 1707 3565 fructus,

344 3598 403 3652 aut
423 3589 479 3652 ubi
501 3590 704 3654 manendum
725 3589 835 3655 adhuc
860 3609 927 3654 non
951 3591 1032 3655 satis
1055 3591 1163 3669 video,
1182 3587 1268 3655 aded
1288 3590 1321 3653 in
1352 3589 1478 3653 incerto
1498 3589 1607 3673 posita
1629 3598 1707 3655 sunt

344 3693 466 3757 omnia.
512 3692 672 3775 Magnam
702 3693 860 3776 experior
884 3693 917 3757 in
944 3694 1081 3760 doctore
1111 3693 1265 3759 Liddelio
1293 3691 1547 3770 humanitatem,
1572 3703 1610 3757 ut
1639 3712 1706 3757 non

344 3797 424 3862 satis
451 3796 562 3860 mirari
585 3796 719 3879 possim,
740 3796 827 3859 illius
853 3796 886 3859 in
913 3796 1032 3861 studiis
1059 3795 1142 3859 meis
1167 3793 1402 3878 promovendis
1426 3794 1574 3859 studium
1594 3793 1707 3879 singu·

344 3899 412 3964 lare
427 3910 461 3965 et
476 3899 671 3964 industriam
688 3899 896 3964 indefessam.
942 3900 1005 3964 Est
1019 3904 1059 3963 ea
1074 3903 1192 3963 natura
1206 3908 1245 3963 ut
1259 3897 1435 3982 populares
1447 3917 1579 3963 summo
1594 3918 1707 3964 amore

344 4004 508 4086 prosequi,
520 4013 554 4067 et
566 4003 674 4067 modis
689 4003 845 4068 omnibus
860 4001 980 4086 quibus
992 4011 1111 4086 potest,
1122 4002 1247 4085 erigere
1261 4000 1376 4080 soleat,
1390 4000 1476 4065 hanc
1487 4001 1558 4066 eius
1569 4003 1660 4087 piam
1672 4013 1706 4068 et

345 4108 378 4171 in
390 4127 507 4172 omncs
518 4107 625 4173 bonos
636 4127 836 4191 propensam
852 4107 1058 4172 voluntatem
1074 4106 1101 4169 si
1118 4125 1184 4170 non
1197 4115 1372 4185 auxerunt,
1387 4105 1505 4172 saltem
1517 4106 1707 4172 excitarunt

345 4221 412 4276 tuae
428 4211 540 4289 literae,
555 4212 677 4276 amoris
692 4221 727 4276 et
741 4211 981 4276 benevolentiae
996 4209 1206 4294 plenissimae,
1220 4208 1341 4292 quibus
1355 4218 1487 4273 tantum
1504 4209 1550 4274 illi
1565 4209 1706 4293 injecisti

346 4315 504 4393 studium,
518 4325 556 4380 ut
575 4314 655 4378 nihil
672 4317 762 4399 quod
780 4335 855 4380 mea
870 4334 969 4378 causa
987 4312 1109 4396 suscipi
1132 4313 1246 4395 possit,
1256 4311 1307 4375 -illi
1330 4311 1470 4376 arduum
1493 4322 1552 4377 aut
1573 4311 1707 4378 difficile

344 4418 519 4497 videatur;
541 4418 591 4482 vir
613 4428 665 4483 est
688 4419 805 4496 bonus,
821 4420 904 4502 pius,
918 4427 953 4484 et
975 4417 1133 4493 emditus,
1147 4417 1204 4499 qui
1229 4434 1305 4480 cum
1330 4435 1397 4479 non
1421 4426 1535 4500 posset
1558 4417 1639 4480 mihi
1661 4437 1706 4481 ex

345 4523 449 4586 animi
467 4523 630 4588 sententia
652 4520 839 4606 gratificari,
858 4521 944 4586 hanc
967 4520 1049 4586 mihi
1073 4521 1235 4586 rationem
1261 4518 1380 4593 saltem
1403 4517 1592 4605 prescripsit
1615 4539 1708 4585 mas
