4110 5844
998 628 1188 680 APPENDIX
1213 628 1273 682 tto,
1298 629 1353 681 111«

730 790 831 874 Quod
847 808 956 853 sacras
973 790 1105 873 Regum
1121 797 1290 855 tantorum
1305 790 1447 855 scribere
1462 789 1552 875 leges

732 894 809 959 Non
827 893 955 971 metuis,
970 902 1105 957 cernent
1120 893 1184 957 seri
1195 902 1254 959 tua
1269 892 1357 958 facta
1372 904 1520 978 nepotes,

733 997 918 1080 Ingenium,
932 996 1084 1080 viresque
1098 1005 1174 1062 tuas
1188 1016 1288 1081 super
1302 996 1437 1062 aethera
1452 996 1571 1064 tollent

731 1100 912 1179 Laudibus,
923 1110 1049 1165 aeterna
1064 1100 1208 1165 moriens
1223 1100 1432 1166 celebrabere
1447 1099 1544 1167 fama

731 1204 843 1270 Omne
858 1214 952 1270 tuum
969 1205 1088 1269 merito
1103 1224 1224 1269 nomen
1240 1204 1372 1269 florebit
1386 1205 1420 1269 in
1436 1225 1557 1270 aevum.

730 1306 857 1373 Celsior
870 1317 905 1375 et
921 1308 1087 1392 Princeps,
1095 1309 1148 1373 cui
1164 1316 1237 1373 tota
1252 1308 1472 1374 BR1TANN1A
1486 1318 1590 1394 paret,

729 1410 888 1496 (Qualem
903 1411 1047 1495 Justitia,
1061 1411 1194 1496 qualem
1211 1412 1336 1496 pietate
1350 1413 1512 1478 videbunt

732 1514 834 1581 Nulla
847 1516 1058 1594 senescentis,
1072 1516 1120 1579 sic
1135 1514 1226 1580 fama
1240 1524 1300 1594 est,
1315 1515 1427 1581 secula
1439 1516 1571 1600 mundi)

731 1618 882 1684 Praemia
896 1620 999 1704 digna
1014 1619 1080 1684 tuis
1096 1619 1221 1684 meritis
1237 1618 1333 1684 feret:
1356 1619 1411 1685 ille
1426 1621 1567 1700 disertis,

731 1724 963 1807 Facundisque
974 1723 1064 1789 favet
1080 1722 1180 1806 longe
1194 1721 1367 1788 facundior
1381 1722 1456 1790 vllo.

922 1867 1026 1932 Aliud
1049 1866 1199 1953 ejusdem
1221 1867 1265 1932 ad
1288 1868 1430 1933 evndem

1081 1969 1269 2037 Skenaevm.

730 2092 860 2158 Littora
875 2092 956 2158 dum
971 2091 1109 2158 tumidis
1125 2092 1315 2157 resonantia
1330 2091 1485 2158 fluetibus
1500 2112 1616 2179 aequor

772 2196 946 2275 Verberat,
960 2206 995 2262 et
1010 2195 1244 2262 tellusictibus
1260 2196 1326 2261 icta
1341 2197 1462 2281 gemit:

728 2300 846 2365 Donec
862 2298 921 2366 Sol
938 2320 1032 2365 roseo
1048 2309 1205 2384 properet
1220 2299 1360 2366 festinus
1375 2300 1419 2365 ab
1434 2310 1518 2381 ortu,

772 2402 939 2469 Occiduas
954 2423 1052 2468 cursu
1067 2405 1148 2470 dum
1164 2413 1261 2488 parat
1278 2405 1324 2468 ire
1339 2404 1474 2469 domos:

729 2508 857 2592 Magna
871 2515 939 2572 tuae
954 2509 988 2572 in
1005 2517 1109 2573 terras
1124 2507 1223 2574 famae
1238 2507 1392 2574 volitabit
1407 2509 1530 2593 imago,

773 2611 818 2676 Et
832 2610 971 2677 celebris
987 2621 1059 2676 toto
1075 2611 1132 2677 lex
1147 2611 1211 2677 erit
1225 2611 1306 2676 orbe
1321 2621 1388 2679 tua

729 2714 775 2780 Et
789 2724 848 2781 tua
862 2715 987 2799 scripta
1001 2714 1113 2799 palam
1130 2714 1310 2780 multorum
1326 2724 1406 2780 ante
1420 2735 1479 2780 ora
1494 2715 1648 2795 ferentur,

771 2818 950 2885 Maeonidae
967 2838 1028 2883 nec
1043 2819 1105 2884 erit
1121 2818 1193 2883 laus
1208 2828 1266 2883 tua
1282 2818 1381 2883 laude
1396 2819 1511 2885 minor.

1289 2971 1459 3037 Wunnt.
1483 2972 1705 3048 Smomons,

1236 3074 1479 3140 Britannoduni
1502 3077 1612 3160 gregis
1637 3076 1761 3142 Pastor.

555 3348 620 3413 Ad.
636 3346 685 3412 Cl.
700 3346 743 3414 V.
760 3346 825 3412 Dn.
840 3346 1005 3430 Joannem
1023 3344 1205 3413 Skenaeum
1229 3344 1385 3410 Archivis
1407 3345 1621 3430 praefectum,
1637 3366 1697 3430 pro
1718 3343 1855 3411 infinitis

683 3452 751 3517 suis
781 3450 950 3517 laboribus
980 3451 1014 3515 in
1045 3449 1147 3516 libros
1181 3449 1308 3534 Regiae
1343 3449 1531 3535 Maiestatis
1563 3459 1598 3515 et
1631 3451 1665 3514 in
1699 3450 1855 3515 amicitiae

684 3567 843 3620 tesseram
866 3550 1081 3638 ἕνκομιαςικὸν.

813 3691 941 3776 Magna
955 3691 1016 3757 tibi
1033 3690 1207 3769 SKENAEF,
1222 3699 1281 3756 tuo
1297 3709 1385 3756 nunc
1399 3691 1506 3775 gloria
1521 3690 1610 3756 facto

727 3796 905 3880 Exsurgit:
928 3795 1052 3881 priscas
1067 3794 1149 3861 dum
1164 3795 1291 3880 promis
1306 3796 1340 3859 in
1355 3795 1472 3860 ordine
1487 3794 1594 3879 leges;

727 3901 773 3967 Et
789 3902 922 3984 Regum
939 3920 1064 3966 reseras
1076 3900 1178 3984 jussa,
1193 3919 1233 3964 ac
1248 3909 1467 3965 monumenta
1482 3901 1646 3984 priorum;

726 4004 950 4089 Semisepulta
964 4004 1111 4089 quidem,
1125 4003 1305 4088 multisque
1320 4003 1490 4089 incognita
1505 4003 1616 4069 seclis:

727 4108 782 4174 Sic
797 4109 910 4192 generi
925 4110 1065 4192 antiquo
1079 4128 1141 4172 nos
1157 4107 1287 4172 reddis:
1309 4117 1344 4172 et
1359 4108 1484 4192 inclyta
1499 4117 1616 4192 perte,

726 4211 893 4277 Omnibus
908 4212 941 4276 in
958 4211 1076 4290 lucem,
1091 4212 1147 4296 pia
1161 4211 1256 4294 virgo
1272 4211 1435 4276 ASTRAEA
1451 4211 1607 4296 refulget:

727 4315 851 4399 Nuper,
865 4315 909 4380 ab
924 4316 1079 4400 indignis,
1094 4315 1191 4381 nobis
1206 4314 1352 4379 rediviva
1368 4313 1509 4380 lacunis:

725 4418 882 4486 SCOTUM
898 4439 979 4504 ergo
993 4420 1166 4498 eximium,
1182 4438 1270 4482 nunc
1285 4417 1367 4483 felix
1384 4418 1531 4497 Sco‘rln,
1543 4419 1650 4503 jactes

727 4524 807 4609 Ipsa
820 4533 931 4589 tuum:
954 4523 1036 4590 felix
1052 4523 1155 4589 tantis
1171 4521 1338 4589 natalibus
1352 4542 1426 4588 vna
