4110 5844
842 643 1032 698 APPENDIX
1056 645 1117 700 No.
1141 647 1194 701 111.

577 804 757 890 Imperium
774 804 978 871 STEUARTA
993 807 1123 887 domus,
1138 828 1200 872 nec
1214 807 1356 892 contigit
1370 828 1518 892 vnquam

574 906 715 987 Gratior,
730 918 789 974 aut
803 910 855 974 cui
871 910 946 994 plus
961 910 1086 977 debent
1100 912 1172 976 haec
1188 922 1340 997 tempora
1356 913 1550 990 PRINCEPS,

574 1011 641 1096 Qui
657 1032 849 1096 quanquam
866 1013 980 1080 laudes
996 1015 1096 1100 longe
1110 1004 1336 1100 transgressus
1351 1018 1457 1081 avitas

574 1115 752 1200 Quamque
768 1118 852 1183 inter
868 1118 979 1204 Reges
993 1129 1146 1204 assurgat
1161 1120 1278 1184 celsior
1292 1139 1418 1200 omnes,

574 1218 673 1286 Solus
688 1230 780 1285 amat
794 1220 978 1305 doctosque
993 1223 1081 1301 colit,
1095 1224 1308 1288 doctissimus
1324 1225 1403 1307 ipse,

574 1323 673 1390 Solus
688 1335 780 1389 amat
795 1345 919 1404 verum,
934 1335 969 1392 et
982 1336 1132 1392 veterum
1148 1327 1289 1412 vestigia
1304 1327 1394 1407 recti,

571 1428 669 1512 Jllius
686 1430 844 1494 mandata
859 1430 967 1495 ferens
982 1431 1173 1496 melioribus
1189 1432 1292 1496 annis

575 1533 739 1616 Majorem
756 1534 901 1619 Europae
917 1544 1046 1619 partem
1062 1535 1192 1620 legatus
1207 1534 1317 1613 obisti,

572 1636 610 1720 Js
625 1636 695 1713 tibi,
710 1637 768 1702 sed
786 1637 899 1717 facilis,
914 1639 1042 1719 merito,
1056 1638 1114 1703 sed
1131 1640 1227 1724 plura
1243 1638 1381 1703 merenti

573 1740 759 1806 Praesentis
773 1741 933 1807 virtutum
949 1762 1038 1827 ergo,
1052 1742 1232 1827 despondit
1247 1742 1399 1821 honores,

573 1843 726 1909 Pluribus
740 1854 896 1910 aucturus
911 1867 919 1925 ;
942 1845 1000 1910 sed
1017 1867 1078 1910 nos
1092 1846 1183 1930 quod
1199 1865 1375 1931 possumus
1390 1865 1493 1911 vnum

572 1948 623 2014 Te
639 1968 802 2014 memores
817 1949 934 2028 meriti,
949 1959 1075 2017 aeterno
1090 1950 1295 2015 sacrabimus
1311 1971 1392 2016 aevo.

572 2052 618 2119 Et
633 2053 773 2136 quanvis
788 2054 904 2138 primae
921 2065 1121 2140 peragentur
1134 2056 1245 2119 secula
1260 2056 1348 2135 vitae,

573 2157 704 2222 Nobilis
718 2178 819 2222 omne
833 2168 946 2224 tamen
958 2159 1058 2238 vives,
1072 2158 1274 2236 doctissime,
1288 2158 1321 2223 in
1338 2177 1457 2236 aevnm,

572 2260 663 2326 Dum
680 2260 738 2327 Sol
754 2261 883 2326 sidereo
898 2271 1001 2346 ponet
1015 2263 1207 2328 discrimina
1222 2263 1358 2340 mundo,

571 2365 618 2430 Et
633 2385 796 2429 memores
812 2374 964 2449 repetent
979 2367 1041 2431 seri
1058 2375 1115 2430 tua
1131 2366 1254 2450 scripta
1270 2375 1417 2450 nepotes,

571 2469 830 2552 Phoenicemque
845 2490 906 2534 suo
921 2470 1021 2534 cineri
1037 2490 1209 2554 superesse
1224 2470 1394 2535 videbunt

960 2589 1064 2658 Aliud

570 2694 661 2759 Dum
678 2692 785 2758 lucem
801 2694 956 2773 tenebrae,
972 2694 1126 2760 tenebras
1141 2695 1202 2760 lux
1217 2693 1307 2760 alma
1320 2705 1486 2778 sequetur,

614 2798 705 2863 Dum
722 2762 925 2865 STEunnerA
939 2799 1060 2864 domus
1077 2799 1185 2884 Regia
1199 2809 1330 2884 sceptra
1345 2799 1449 2865 ieret:

569 2904 648 2970 Non
665 2902 781 2968 merite
797 2901 965 2969 SKENEAE
979 2903 1028 2970 tui
1044 2904 1226 2969 morientur
1241 2903 1392 2982 honores,

612 3006 803 3073 Phoenicem
819 3008 920 3072 cineri
936 3009 1000 3073 scis
1015 3029 1186 3092 superesse
1200 3029 1270 3074 suo.

1271 3146 1433 3212 Tirones
1456 3145 1628 3211 cuncus.

756 3382 928 3459 Archiotae
951 3382 993 3447 D.
1016 3382 1171 3459 Sirenem,
1192 3383 1251 3449 &c

570 3520 642 3586 Nec
657 3530 693 3585 tu
710 3519 820 3584 nullus
836 3520 908 3599 eris,
923 3519 975 3584 cui
992 3528 1044 3585 tot
1058 3518 1149 3604 prius
1164 3519 1280 3585 abdita
1295 3519 1452 3604 Princeps

611 3624 762 3691 Credidit
777 3622 932 3689 Archivis
944 3624 1020 3708 jura
1035 3624 1162 3688 ruenda
1176 3625 1252 3690 suis.

568 3728 698 3795 Primus
712 3729 756 3794 ab
771 3727 832 3806 his,
846 3738 977 3795 tantum
993 3728 1109 3812 patriis
1124 3748 1200 3793 cum
1217 3728 1345 3813 legibus
1360 3728 1465 3793 addas

611 3833 752 3914 Lumen,
765 3832 828 3897 erit
843 3831 962 3898 calami
977 3832 1083 3917 gloria
1098 3832 1205 3917 prima
1220 3831 1277 3897 tui.

1211 3970 1410 4035 anucws
1433 3970 1625 4038 Saumsvs.

805 4193 860 4257 Ad
876 4195 983 4259 virum
997 4193 1216 4259 clarissimvm

832 4298 873 4363 D.
888 4297 984 4381 Joan.
1001 4295 1188 4365 Skenaevm.

568 4433 643 4518 Qua
658 4433 825 4501 SKENAEE
840 4436 952 4513 domo,
967 4434 1088 4518 quibus
1103 4454 1139 4498 es
1155 4432 1336 4518 majoribus
1351 4443 1452 4510 ortus,

567 4536 711 4623 Quaque
726 4547 820 4603 tuum
837 4537 939 4623 longa
953 4539 1057 4604 ducas
1071 4538 1116 4603 ab
1130 4537 1258 4622 origine
1274 4557 1406 4614 nomen,

970 4864 976 4898 i
