4110 5844
1010 650 1203 707 Areuumx
1227 651 1287 708 ΝΟ.
1311 651 1349 708 ll.

1161 886 1209 951 16.

564 1035 767 1120 Quanquam
791 1036 958 1101 neminem
971 1036 1190 1120 ptaetermiss.
1217 1034 1454 1121 quemquidem
1477 1036 1519 1100 ad
1543 1056 1603 1100 vos
1625 1042 1862 1121 peruenturum

498 1148 650 1223 putarem
677 1141 730 1204 cui
757 1140 868 1205 literas
894 1160 961 1206 non
987 1141 1146 1219 dederim,
1173 1141 1206 1205 in
1231 1142 1318 1206 hanc
1344 1150 1456 1205 tamen
1482 1149 1611 1223 partem
1641 1160 1778 1224 peccare
1808 1160 1863 1205 me

498 1244 622 1322 malim,
636 1264 737 1327 quam
753 1230 911 1309 diuturno
926 1244 1067 1323 silentio,
1082 1244 1211 1329 supinae
1226 1244 1439 1329 rlegligentiae
1454 1254 1488 1309 et
1503 1244 1623 1327 ingrati
1639 1244 1741 1309 animi
1756 1245 1863 1328 suspi-

498 1347 627 1411 cionem
640 1347 811 1414 incurrere.
840 1347 926 1413 Cum
938 1356 1059 1426 autem,
1070 1348 1113 1411 ad
1124 1358 1257 1431 tempus
1265 1348 1319 1413 hic
1329 1349 1362 1411 in
1372 1348 1513 1413 obscuro
1526 1348 1657 1428 lateam,
1669 1348 1763 1431 isque
1773 1348 1862 1412 orbis

498 1460 658 1515 terrarum
675 1451 817 1535 angulus
833 1472 887 1515 me
902 1462 1023 1530 teneat,
1039 1453 1072 1515 in
1088 1471 1156 1534 quo
1171 1462 1229 1517 aut
1244 1451 1325 1516 nihil
1342 1471 1449 1515 rerum
1466 1470 1638 1530 nouarum,
1653 1461 1711 1516 aut
1731 1452 1758 1515 si
1780 1451 1861 1535 quid

497 1554 550 1633 sit,
566 1555 698 1619 incertis
717 1556 751 1620 id
771 1555 966 1620 authoribus
982 1556 1024 1620 ad
1040 1575 1102 1620 nos
1117 1556 1281 1641 perlatum
1297 1555 1460 1621 subticere
1475 1575 1576 1639 quam
1589 1554 1691 1619 literis
1704 1556 1863 1619 mandare

498 1658 602 1722 tutius
620 1657 690 1722 iore
709 1659 909 1737 existimem,
928 1659 1008 1722 nihil
1029 1660 1120 1743 prius
1142 1659 1222 1724 mihi
1245 1661 1277 1723 in
1299 1661 1465 1743 presentia
1483 1658 1685 1738 occurrebat,
1700 1678 1802 1741 quam
1825 1669 1863 1724 ut

498 1781 607 1825 meam
632 1762 674 1825 de
691 1772 802 1827 vestra
819 1772 1071 1847 vestrommque
1089 1763 1197 1829 salute
1214 1763 1459 1829 solicitudinem
1478 1763 1640 1846 imprimis
1661 1762 1862 1828 declararem

496 1875 688 1951 vestrasque
703 1865 814 1932 literas
829 1887 906 1932 cum
921 1866 985 1932 hoc
1000 1867 1136 1933 nomine
1151 1867 1231 1932 mihi
1247 1866 1543 1932 desideratissimas
1558 1887 1631 1930 esse
1645 1876 1717 1931 tum
1733 1867 1761 1931 si
1781 1868 1862 1950 quid

496 1969 596 2033 sitin
620 1968 702 2034 meis
724 1970 822 2035 rebus
845 1969 970 2035 firmius
993 1971 1036 2036 de
1057 1991 1099 2034 eo
1125 1991 1180 2036 me
1203 1971 1343 2036 libenter
1363 1968 1431 2034 fieri
1454 1968 1540 2034 uelle
1560 1970 1748 2036 certiorem:
1784 1971 1864 2036 Med

497 2073 621 2157 quippe
647 2073 806 2138 interesse
832 2073 1002 2158 putabam,
1024 2093 1079 2138 me
1105 2076 1233 2140 advos
1258 2072 1360 2159 quitm
1390 2072 1563 2158 sepissime
1588 2074 1739 2152 scribere,
1759 2092 1863 2157 quare

495 2177 596 2241 velim
612 2176 694 2242 mihi
709 2177 773 2242 hoc
785 2178 894 2262 ipsum
906 2178 1085 2257 condones,
1096 2179 1124 2243 si
1136 2199 1221 2243 meae
1233 2178 1467 2244 necessitudini
1480 2176 1724 2262 obtemperans,
1735 2187 1863 2247 nostra-

496 2301 562 2363 que
584 2281 756 2365 sanguinis
779 2281 1014 2364 conjunctione
1037 2282 1139 2347 fretus
1162 2283 1272 2348 minus
1293 2282 1433 2347 videbor
1453 2282 1643 2346 meminisse
1664 2282 1862 2347 constantiae

496 2394 564 2449 tuae
594 2383 761 2449 confidere
790 2385 905 2450 videor
930 2395 964 2450 te
990 2406 1065 2450 mea
1094 2406 1196 2451 causa
1224 2406 1300 2469 quae
1316 2386 1469 2482 *honeste
1499 2384 1606 2468 possis
1631 2384 1772 2449 libenter
1801 2404 1862 2449 nec

496 2487 635 2572 grauate
665 2509 738 2555 esse
768 2488 941 2568 lactumm,
972 2510 1132 2574 magnum
1167 2501 1281 2556 tamen
1311 2489 1441 2574 speraui
1479 2489 1569 2572 apud
1599 2496 1633 2553 te
1663 2489 1738 2573 (pro
1773 2482 1864 2554 mole

497 2593 706 2676 negotiorum
722 2612 799 2677 quae
818 2603 853 2658 te
875 2594 1034 2676 quotodie
1057 2594 1182 2678 obnuit)
1202 2604 1272 2658 tum
1292 2602 1428 2677 propter
1450 2591 1575 2658 incerta
1593 2592 1720 2656 viarum
1740 2593 1768 2657 si
1787 2612 1863 2677 quae

498 2694 583 2760 forte
609 2696 852 2776 interciderent,
879 2695 1058 2762 crebriores
1088 2718 1180 2762 meas
1211 2697 1322 2762 literas
1352 2696 1508 2781 ponderis
1537 2694 1716 2774 habituras,
1742 2696 1864 2779 quibus

498 2797 590 2882 (licet
619 2809 679 2865 tuo
709 2800 743 2865 in
774 2820 829 2865 me
859 2800 1003 2866 adfectui
1034 2801 1115 2867 nihil
1146 2801 1225 2866 addi
1255 2809 1378 2885 posset,
1403 2809 1437 2866 et
1467 2819 1534 2864 non
1565 2799 1673 2863 solum
1703 2800 1863 2864 naturalis

497 2902 643 2968 hominis
658 2905 701 2969 ad
724 2904 894 2969 hominem
917 2904 1088 2970 adiunctio
1110 2905 1168 2968 sed
1192 2904 1297 2968 ciuilis
1320 2902 1533 2987 cognomenti
1552 2901 1771 2979 necessitudo,
1787 2901 1863 2965 lmo

496 3008 616 3072 arctior
642 3007 776 3073 familiae
802 3007 952 3092 ejusdem
979 3008 1204 3092 conjungatio,
1224 3027 1329 3091 eaque
1355 3007 1491 3072 tandem
1518 3025 1619 3088 quam
1643 3005 1724 3070 mihi
1750 3015 1861 3070 tecum

496 3132 577 3190 esse,
592 3111 725 3176 voluisti
750 3113 942 3195 conjunctio
967 3123 1000 3177 et
1028 3111 1242 3189 familiaritas,
1269 3111 1410 3195 longiori
1436 3110 1595 3175 orationis
1625 3111 1753 3175 ambitu
1780 3110 1861 3175 mihi

497 3214 711 3298 interdicant)
726 3225 760 3280 te
775 3225 886 3280 tamen
904 3216 1112 3299 grauioribus
1128 3225 1164 3280 ut
1180 3214 1252 3279 dixi
1269 3215 1412 3299 negotiis
1427 3214 1613 3279 districtum
1630 3223 1664 3279 et
1687 3214 1862 3291 intentum,

496 3318 539 3383 de
562 3319 644 3382 meis
667 3319 764 3383 rebus
786 3321 909 3404 saepius
931 3319 1201 3403 compellandum
1218 3339 1290 3383 esse
1312 3320 1514 3384 existimaui.
1561 3319 1644 3382 Peto
1667 3318 1768 3402 igitur
1790 3315 1809 3381 a
1828 3327 1862 3382 te

495 3442 561 3486 non
589 3423 782 3504 conquisitis
806 3424 982 3488 verborum
1009 3422 1181 3488 lenociniis
1211 3422 1270 3487 sed
1300 3427 1341 3486 ea
1370 3421 1529 3486 orationis
1554 3421 1768 3503 simplicitate
1794 3425 1861 3503 qua

498 3525 653 3609 intelligis
672 3525 793 3590 debere
811 3547 865 3591 me
886 3547 940 3591 me
962 3536 1075 3611 petere
1097 3525 1141 3591 ab
1163 3525 1298 3590 homine
1318 3534 1387 3589 tam
1413 3524 1494 3589 mihi
1518 3525 1702 3588 necessario
1725 3534 1861 3607 tamque

498 3629 650 3693 familiari
669 3639 707 3694 ut
727 3651 801 3695 mea
816 3631 952 3714 negotia
966 3650 1107 3714 quorum
1124 3631 1390 3715 procurationem
1404 3627 1493 3713 (quae
1506 3639 1563 3692 tua
1580 3628 1642 3692 luit
1657 3626 1861 3711 humanitas)

497 3733 531 3797 in
548 3741 581 3797 te
596 3733 769 3818 suscepisti
785 3735 934 3817 explices
949 3744 983 3799 et
1006 3735 1179 3818 expedias,
1194 3754 1270 3799 cum
1290 3734 1365 3817 jure
1385 3742 1420 3798 et
1442 3742 1609 3817 potestate
1629 3752 1730 3814 quam
1749 3731 1862 3810 habes,

497 3846 569 3900 tum
596 3837 686 3919 quod
713 3836 892 3901 commodo
919 3846 977 3901 tuo
1004 3834 1073 3900 fieri
1097 3838 1202 3922 possit
1225 3837 1426 3902 authoritate
1452 3846 1486 3900 et
1508 3836 1655 3915 consilio,
1670 3845 1704 3899 et
1727 3835 1753 3899 si
1777 3833 1862 3899 sorte
1947 3901 1948 3906 ,

498 3940 697 4005 difficiliores
712 3951 809 4005 erunt
824 3951 861 4006 ut
876 3962 945 4006 rem
964 3941 1148 4006 etiamnum
1170 3942 1241 4006 sine
1263 3940 1486 4005 controversia
1508 3937 1625 4003 confici
1641 3937 1756 4016 nolint,
1771 3937 1860 4002 haud

498 4045 643 4110 alienum
662 4054 720 4109 tua
738 4044 903 4129 dignitate
917 4044 1050 4128 putabis
1073 4065 1144 4110 esse
1168 4063 1269 4128 quam
1294 4043 1429 4109 charum
1456 4062 1510 4106 me
1535 4041 1659 4107 habeas
1681 4052 1719 4106 ut
1742 4041 1862 4106 intelli·

498 4157 580 4231 gant
610 4148 757 4231 mihique
787 4149 838 4213 vel
868 4149 998 4214 absenti
1029 4158 1063 4214 et
1095 4147 1193 4233 longe
1230 4147 1348 4212 dissito
1384 4147 1426 4211 ad
1464 4166 1579 4211 eorum
1617 4145 1861 4210 contumaciam
1902 4146 1905 4153 ’

499 4240 742 4336 reprimendam
759 4262 793 4318 et
807 4252 937 4317 animos
953 4250 1155 4336 frangendos
1170 4249 1315 4334 praesidii
1332 4250 1365 4313 in
1384 4259 1418 4314 te
1435 4250 1516 4314 satis
1539 4268 1612 4314 esse
1633 4249 1862 4333 experiantur:

498 4354 575 4439 quo,
592 4356 620 4419 si
642 4358 732 4439 quod
755 4376 927 4440 speramus
949 4355 1247 4441 impetrauerimus,
1261 4363 1320 4418 tuo
1342 4351 1504 4417 beneficio
1525 4373 1586 4416 nos
1610 4353 1643 4417 id
1666 4361 1863 4416 consecutos

498 4479 571 4523 esse
587 4459 786 4539 indicemus;
808 4461 855 4525 sic
870 4465 1003 4526 tuorum
1019 4481 1099 4546 erga
1119 4470 1153 4525 te
1171 4457 1416 4524 observantiam
1439 4457 1612 4535 excitabis,
1626 4457 1784 4540 aliosque,
1798 4454 1863 4520 hoc

499 4573 559 4627 tuo
584 4564 777 4647 patrocinio,
803 4564 847 4629 ad
873 4575 968 4630 tuum
996 4584 1118 4633 nomen
1148 4562 1396 4650 suspiciendum
1422 4570 1457 4627 et
1481 4560 1658 4638 colendum
1683 4560 1847 4626 accendes
1854 4581 1864 4640 ;
