4110 5844
728 647 894 703 uernans
916 646 966 701 το
987 648 1047 700 sue
1067 647 1166 714 Jouu
1190 646 1325 701 sicana.
1648 638 1706 721 163

345 831 459 893 quaeso
483 808 550 874 fieri
575 817 686 893 potest
703 818 742 873 ut
762 818 914 874 terrestre
935 808 1017 873 illud
1036 816 1070 874 et
1089 817 1158 873 tam
1178 827 1280 892 graue
1295 807 1437 892 pelletur
1450 807 1578 895 absque
1591 810 1707 877 intrin-

346 935 422 979 seca
441 915 475 978 in
497 914 609 997 aliqua
623 913 793 997 spirituali.
840 913 925 978 Haec
945 913 1020 977 ideo
1039 912 1103 978 huc
1123 913 1212 977 addo
1234 922 1272 978 ut
1294 913 1520 979 demonstrem
1543 925 1706 997 quantum

346 1018 506 1083 momenti
522 1019 565 1082 sit
580 1017 795 1082 christianum
813 1005 953 1082 militem
972 1026 1089 1083 contra
1107 1016 1234 1081 Turcas
1249 1015 1371 1083 habere
1385 1037 1504 1101 posse.
1521 1017 1603 1084 alias
1618 1016 1707 1085 oerte

345 1122 391 1186 ob
406 1121 573 1186 licentiam
596 1121 704 1185 carnis
721 1120 825 1185 facilis
847 1131 899 1186 est
921 1121 963 1187 ad
986 1119 1101 1184 hostes
1121 1130 1326 1204 spontaneus
1342 1120 1462 1204 lapsus
1508 1121 1560 1186 Ac
1575 1120 1664 1188 certe
1679 1123 1707 1187 si

347 1224 457 1290 Turca
487 1226 705 1290 mutationem
736 1226 880 1308 patietur
908 1224 1005 1290 sicuti
1034 1223 1215 1307 aliquando
1239 1225 1273 1289 id
1303 1223 1499 1290 euenturum
1526 1236 1577 1291 est
1607 1226 1707 1310 idque

346 1329 591 1393 extrimissimis
613 1328 887 1411 promissionibus
910 1328 984 1406 Dei,
1003 1347 1175 1392 necessum
1196 1328 1258 1392 erit
1277 1337 1314 1392 ut
1333 1328 1438 1392 maior
1459 1329 1567 1412 pietas
1588 1330 1616 1394 si
1639 1349 1707 1394 non

348 1410 538 1516 in‘plebeio
563 1432 670 1496 milite
695 1442 729 1497 et
754 1431 872 1496 saltem
897 1432 931 1495 in
958 1431 1099 1496 ducibus
1121 1441 1290 1515 appareat,
1312 1442 1415 1515 utque
1436 1433 1573 1498 remotis
1594 1452 1707 1518 super·

346 1536 536 1601 stitionibus
552 1537 584 1600 in
601 1537 737 1600 nomine
751 1557 844 1600 sacro
859 1543 984 1601 sanctae
1002 1546 1037 1600 et
1056 1535 1397 1618 incomprehensibilis
1420 1535 1593 1603 Trinitatis
1614 1558 1708 1604 arma

347 1660 518 1706 sumamus
544 1650 578 1705 et
604 1639 659 1704 alii
690 1639 828 1705 aliorum
860 1639 1051 1705 tolleremus
1081 1637 1299 1718 infirmitates,
1327 1659 1489 1704 conuerso
1514 1642 1605 1705 omni
1635 1641 1708 1706 zelo

347 1754 462 1809 nostro
475 1756 592 1809 contra
606 1763 818 1809 communem
838 1744 981 1808 nominis
1000 1743 1179 1809 Christiani
1201 1743 1355 1823 hostem.
1371 1743 1436 1808 alia
1454 1746 1498 1811 ab
1512 1745 1593 1829 ipsis
1608 1746 1709 1812 turcis

348 1847 444 1912 nobis
474 1848 599 1919 malurn
629 1860 663 1913 et
694 1848 821 1912 ruinam
853 1847 1064 1913 imminuerit
1109 1846 1178 1914 Sed
1208 1847 1280 1911 haec
1309 1847 1479 1928 hactenus,
1509 1860 1543 1916 et
1571 1850 1708 1934 quidem

349 1961 548 2034 properante
573 1951 703 2017 calamo
727 1970 857 2015 necnon
884 1961 1020 2034 propter
1043 1952 1153 2017 uarias
1179 1953 1414 2035 occupationes
1443 1953 1539 2018 aliter
1568 1952 1710 2019 scribere

349 2053 448 2119 licuit
494 2055 548 2119 De
564 2054 660 2119 rebus
676 2056 894 2139 Vngareiset
913 2055 998 2119 aulae
1018 2064 1140 2119 nostrae
1163 2063 1252 2119 statu
1272 2077 1293 2118 a
1310 2056 1449 2135 domino
1471 2056 1618 2122 Stuardo
1632 2077 1711 2140 cog-

349 2178 474 2224 nosces.
516 2157 614 2222 Plura
629 2159 769 2223 scribere
784 2179 855 2223 nox
870 2158 968 2225 uelat
1008 2158 1102 2222 Bene
1116 2167 1151 2222 et
1166 2157 1353 2223 felicissime
1367 2158 1443 2223 uale
1457 2160 1504 2223 mi
1519 2159 1711 2225 charissime

351 2262 393 2331 D.
410 2261 540 2329 Skenae.
587 2263 711 2327 lterum
735 2262 818 2341 uale,
832 2264 939 2328 donec
962 2263 996 2326 in
1018 2272 1144 2326 aetema
1167 2263 1236 2327 uita
1258 2272 1384 2327 aeterno
1406 2274 1521 2329 nostro
1542 2263 1710 2331 Seruatori

351 2363 485 2429 Christo
517 2385 598 2430 uero
631 2366 707 2430 Deo
740 2376 773 2430 et
806 2386 886 2431 uero
915 2365 1042 2431 homini
1072 2366 1320 2448 coniungemus
1378 2367 1478 2433 Datae
1516 2368 1632 2452 Pragae
1670 2385 1708 2435 21

352 2467 508 2534 Octobris
523 2489 585 2533 an:
607 2483 658 2550 95.
1165 2539 1167 2543 ,
1596 2496 1600 2501 ·

848 2573 913 2637 Tui
929 2574 1169 2639 obseruandiss.

959 2694 1257 2775 ¹Vuuucusunus
1280 2694 1486 2774 Buoowurz

375 2797 452 2861 Non
470 2797 601 2880 perlegi.
1191 2795 1213 2861 a
1237 2798 1381 2861 Budoria
1404 2799 1540 2863 Consil:
1564 2800 1647 2866 Caes.

527 2975 605 3039 Nob
628 2976 692 3038 iss:
716 2984 749 3040 et
771 2978 1047 3059 praestantissimo
1068 2976 1141 3040 uiro
1165 2976 1206 3041 D.
1221 2977 1367 3058 Johanni
1384 2976 1537 3073 Slffinaeo,
1552 2981 1713 3067 sereniss:

461 3079 564 3162 Regis
589 3079 716 3144 Saotiae
740 3078 936 3157 consiliario,
955 3088 988 3144 et
1014 3080 1163 3169 eiusdem
1190 3078 1298 3163 Regni
1323 3079 1531 3147 archiuorum
1548 3084 1712 3167 praefecto.

461 3183 502 3247 D.
518 3193 551 3247 et
568 3182 658 3247 fratri
674 3203 734 3246 suo
750 3184 852 3246 ueteri
870 3181 934 3246 fide
949 3191 1074 3248 aetema
1089 3168 1204 3248 charis.
1220 3193 1254 3247 et
1268 3180 1329 3250 col.

1407 3271 1647 3358 Edinburgum.

1021 3476 1048 3539 8.

418 3620 451 3687 S.
476 3621 510 3685 P.
557 3620 603 3684 Et
625 3629 745 3703 praeter
759 3630 874 3684 votum
890 3630 924 3684 et
943 3629 1060 3684 contra
1081 3620 1351 3703 expectationem
1375 3641 1484 3690 meam
1500 3622 1637 3701 accedit,
1651 3622 1714 3687 Vir

352 3724 551 3801 Clarissime,
571 3723 661 3806 quod
682 3744 747 3806 ego
770 3743 837 3788 non
862 3724 978 3788 iuerim
1003 3723 1037 3797 in
1062 3722 1222 3803 Scotiam,
1236 3734 1274 3791 ut
1289 3727 1408 3791 veteris
1426 3747 1468 3795 ac
1485 3727 1624 3810 antiqua
1648 3724 1714 3790 fide

352 3828 450 3892 amici
464 3827 657 3891 dulcissima
671 3826 910 3892 consuetudine
926 3826 1056 3906 fruerer..
1072 3827 1284 3893 lectissimam
1294 3816 1393 3897 luam
1408 3848 1550 3897 uxorem
1565 3829 1712 3897 viderem

325 3966 326 3969 π
353 3952 392 3995 ac
407 3951 601 3996 communes
616 3932 787 4014 utriusque
800 3940 945 3997 vestram
961 3931 1081 3996 liberos
1104 3952 1165 4016 pro
1187 3942 1305 3999 mutuo
1327 3934 1449 4003 amoris
1468 3935 1571 4001 nostri
1590 3933 1713 4000 affectu

352 4036 579 4100 amantissime
601 4036 825 4120 amplecterer.
879 4036 948 4103 Sed
970 4049 1046 4128 quae
1067 4046 1120 4103 est
1141 4056 1249 4104 rerum
1273 4058 1422 4104 mearum
1444 4039 1714 4105 constantissima

351 4140 582 4218 inconstantia,
597 4139 679 4204 dum
695 4140 892 4204 necessitate
906 4160 1008 4223 cogor
1021 4139 1160 4223 obsequi
1175 4140 1306 4207 illorum
1326 4141 1457 4226 placitis
1476 4143 1534 4225 qui
1554 4162 1622 4207 non
1643 4151 1712 4207 tam

234 4310 241 4318 ,
353 4245 418 4308 mei
443 4241 543 4326 quarn
567 4246 616 4308 sui
637 4244 808 4309 commodi
830 4265 931 4310 causa
951 4264 1061 4311 meam
1080 4265 1216 4328 operam
1238 4245 1439 4323 conducunt,
1457 4245 1582 4311 factum
1604 4256 1656 4312 est
1675 4255 1714 4310 ut

352 4356 429 4432 post
444 4346 567 4410 multos
582 4348 824 4431 cogitationum
839 4348 930 4412 velut
945 4358 1046 4413 aestus
1062 4348 1179 4413 marini
1195 4348 1307 4414 fluxus
1322 4358 1355 4414 et
1374 4349 1620 4429 telemacum
1642 4349 1711 4432 jam

352 4451 533 4534 cogitarem
549 4451 592 4514 de
606 4452 753 4516 discessu
774 4451 921 4518 adscitus
939 4452 1055 4518 luerim
1076 4453 1109 4515 in
1128 4452 1287 4519 familiam
1308 4453 1449 4519 Illustris
1466 4475 1506 4520 ac
1527 4453 1647 4537 lnclyti
1671 4454 1713 4517 D.

347 4554 491 4624 Domini
515 4554 654 4638 Joannis
679 4554 834 4639 Dyonisii
859 4555 998 4622 Beronis
1016 4575 1035 4620 e
1054 4555 1189 4627 Zerotin
1212 4557 1270 4640 qui
1293 4567 1328 4627 et
1351 4558 1422 4641 ipse
1444 4577 1521 4629 cum
1542 4577 1610 4632 nott
1633 4557 1714 4632 saris
