4110 5844
728 651 893 706 carrum
915 651 965 706 no
987 650 1046 705 sta
1067 652 1167 720 Jouu
1190 606 1324 705 exitus.
1647 651 1706 723 ¹75

344 812 497 879 videatur
517 812 671 879 Liddelio
686 809 849 893 ἆὸυνατον,
859 813 913 879 vel
925 813 1021 878 facile
1035 814 1214 879 obducere:
1230 814 1380 878 omnium
1392 814 1507 897 utique
1522 813 1708 879 studiorum

344 916 420 1002 plus
447 917 557 981 minus
577 917 771 999 octinginta,
791 917 871 1000 quid
894 918 921 982 si
946 917 1037 982 mille
1057 918 1225 983 dixerim?
1247 919 1397 983 omnium
1422 918 1557 1001 inquam
1581 919 1638 1000 qui
1657 917 1710 982 hic

345 1020 471 1099 vivunt,
485 1019 591 1102 gloria
605 1029 640 1084 et
655 1020 834 1087 aestimatio
848 1020 892 1085 ab
906 1021 983 1085 aula
994 1022 1132 1105 pendet:
1148 1033 1214 1088 eta
1229 1023 1391 1106 Principis
1406 1021 1711 1088 commendatione:
1799 1009 1805 1017 ¹

347 1124 452 1191 Hisce
487 1123 706 1188 serenissimae
743 1132 865 1188 nostrae
902 1125 1042 1208 Reginae
1079 1127 1191 1206 literis,
1220 1137 1254 1192 et
1291 1137 1365 1193 tuas
1395 1127 1557 1211 adiunges
1586 1127 1629 1191 ad
1668 1126 1711 1193 D.

347 1227 519 1293 Adamum
547 1226 700 1293 Crusium
724 1237 870 1292 veterem
893 1238 988 1294 tuum
1015 1231 1169 1309 amicum,
1194 1241 1229 1297 et
1251 1251 1392 1296 summa
1414 1229 1469 1295 hic
1490 1229 1711 1308 authoritatis,

346 1330 468 1415 quibus
493 1329 627 1414 rogabis
653 1339 690 1396 ut
715 1332 845 1396 aditum
872 1331 953 1396 mihi
978 1333 1069 1416 apud
1099 1335 1282 1418 principem
1309 1333 1417 1413 faciat,
1444 1333 1591 1416 mihique
1615 1352 1710 1398 suam

276 1465 282 1475 ·
346 1443 472 1520 prestet
497 1435 531 1500 in
557 1434 713 1499 omnibus
739 1454 885 1519 operam,
911 1444 949 1501 ut
975 1437 1027 1502 cui
1053 1447 1090 1502 tu
1116 1436 1349 1504 honestissime
1374 1438 1498 1522 cupias,
1521 1437 1621 1520 idque
1650 1436 1711 1503 tibi

323 1604 324 1609 ,
345 1548 480 1623 gratum
502 1538 586 1603 fore:
611 1537 702 1621 Quid
723 1540 751 1603 si
774 1541 876 1604 etiam
902 1539 1086 1605 Dominum
1114 1542 1296 1606 Doctorem
1324 1541 1514 1607 Liddelium
1537 1541 1712 1606 medicinae

346 1643 519 1709 doctorem
549 1651 584 1708 et
614 1642 647 1706 in
685 1642 811 1727 inclyta
839 1643 929 1725 Julia
958 1642 1144 1710 Academia
1184 1645 1475 1723 Helmestadiensi,
1504 1647 1711 1730 superiorum

348 1746 591 1813 mathematum
616 1745 835 1831 professorem
859 1747 1062 1827 salutaveris,
1088 1750 1181 1815 cuius
1205 1749 1340 1814 nomine
1363 1768 1531 1814 summam
1554 1749 1615 1815 tibi
1635 1750 1712 1814 dico

347 1851 456 1917 salute
467 1851 625 1933 mquique
637 1850 717 1914 mihi
733 1859 791 1915 tua
803 1871 911 1930 causa,
923 1853 957 1916 in
969 1851 1124 1916 omnibus
1136 1852 1246 1935 quoad
1258 1850 1327 1916 fieri
1342 1853 1458 1935 possit,
1469 1851 1576 1917 indies
1587 1851 1711 1936 gratifi-

348 1957 415 2021 cari
427 1975 495 2020 non
505 1955 640 2020 desunt:
663 1956 722 2019 sed
736 1956 799 2021 ista
809 1966 877 2021 tuae
888 1965 984 2021 erunt
993 1955 1178 2038 prudentiae
1189 1964 1223 2019 et
1234 1956 1416 2037 sapientiae,
1427 1975 1528 2039 quem
1544 1975 1610 2021 non
1627 1956 1712 2041 fugit

348 2060 382 2125 in
405 2059 569 2136 omnibus,
584 2060 664 2141 quid
687 2060 804 2124 deceat
826 2070 860 2125 et
884 2059 964 2143 quid
988 2060 1113 2138 minus;
1129 2061 1192 2124 ista
1212 2059 1361 2143 pluribus
1379 2057 1448 2124 'non
1468 2080 1647 2144 persequor
1668 2079 1712 2126 ne

348 2162 559 2248 proverbium
572 2162 652 2227 illud
665 2163 697 2226 in
710 2183 763 2226 me
775 2171 951 2247 competat
982 2164 1048 2229 Sus
1062 2163 1262 2229 Minervam:
1280 2164 1355 2248 Ego
1367 2165 1511 2248 primum
1522 2166 1656 2250 ignotus
1667 2165 1712 2231 ab

350 2267 465 2332 amicis
491 2277 525 2331 et
551 2267 778 2332 aestimatione-
797 2269 902 2351 inops,
927 2268 959 2332 in
985 2269 1100 2351 ignota
1125 2269 1259 2352 regione
1282 2269 1403 2348 dolere,
1425 2279 1459 2333 et
1482 2269 1649 2352 ingemere
1675 2280 1713 2335 ut

350 2371 493 2437 frontem
517 2369 647 2434 ferirem
673 2370 726 2454 (ut
749 2372 797 2435 ait
821 2370 952 2453 Cicero)
975 2370 1034 2434 sed
1059 2371 1125 2435 iam
1149 2371 1250 2454 paulo
1268 2371 1396 2437 facilius
1420 2373 1490 2438 fero
1511 2373 1711 2439 desiderium

350 2475 467 2559 patriae
493 2483 527 2539 et
553 2473 745 2552 amicorum,
772 2473 873 2551 modo
899 2484 935 2539 tu
963 2474 1047 2539 bene
1068 2474 1189 2553 valeas,
1209 2495 1230 2540 a
1251 2495 1319 2560 quo
1341 2484 1455 2541 nostra
1476 2476 1565 2541 salus
1588 2476 1713 2561 pendet

353 2576 546 2661 Hedelberg
571 2588 630 2643 aut
655 2578 855 2661 cogitabam,
880 2579 908 2641 si
934 2576 1050 2642 fuisset
1076 2578 1250 2662 integrum,
1274 2578 1333 2643 sed
1359 2579 1438 2662 quia
1459 2588 1519 2644 tua
1539 2578 1714 2645 videbatur

351 2682 505 2748 voluntas
534 2692 572 2746 ut
601 2682 664 2745 nisi
694 2681 840 2747 adducto
876 2682 1000 2746 indicio
1032 2691 1066 2747 et
1096 2681 1271 2765 explorate
1303 2682 1336 2746 id
1374 2681 1444 2747 fieri
1481 2692 1603 2767 posset,
1632 2683 1713 2749 nihil

351 2805 572 2872 properarem,
587 2794 621 2851 et
636 2786 714 2868 quia
729 2785 867 2868 longum
883 2794 934 2849 est
949 2785 1011 2850 iter
1032 2795 1067 2851 et
1089 2784 1255 2864 infestum,
1269 2795 1304 2852 et
1325 2807 1387 2870 pro
1408 2806 1550 2851 annonae
1573 2785 1714 2854 laxitate

351 2910 452 2975 quam
479 2889 704 2974 sperabamus,
727 2889 875 2954 eiusdem
899 2887 1128 2955 difficultatem
1144 2890 1264 2955 mirum
1284 2891 1317 2954 in
1333 2889 1471 2955 modum
1494 2891 1714 2975 experiamur,

353 2995 492 3060 Basileae
522 2994 615 3059 aiunt
645 3004 679 3059 et
711 2991 932 3075 Hedelbergae
962 2992 1145 3059 admodum
1175 3013 1399 3078 compressam
1429 3014 1502 3058 esse
1538 3015 1583 3059 ex
1612 2996 1714 3062 literis

352 3099 532 3164 multorum
555 3097 705 3181 quotidie
719 3097 762 3161 ad
779 3116 841 3161 nos
862 3095 1052 3181 perferatur,
1067 3097 1217 3163 nondum
1240 3107 1408 3163 mutamus
1430 3098 1630 3163 sententiam
1653 3119 1714 3164 nec

351 3202 592 3267 constituemus
614 3202 802 3284 quicquam,
817 3201 923 3265 donec
946 3200 1056 3266 literas
1076 3211 1202 3266 vestras
1224 3201 1457 3285 acceperimus,
1471 3210 1506 3266 et
1520 3201 1609 3266 enim
1633 3201 1714 3267 mihi
1811 3278 1815 3288 ,

351 3305 444 3372 nullo
470 3304 545 3370 loco
566 3304 683 3370 deesse
704 3304 763 3382 vis,
784 3304 923 3388 negocia
944 3312 1059 3372 nostra
1079 3305 1264 3371 domestica
1285 3315 1353 3370 tuae
1376 3305 1524 3388 pristinae
1550 3325 1630 3389 erga
1651 3325 1714 3370 nos

352 3409 552 3474 humanitati
567 3408 668 3474 etiam
684 3416 785 3491 atque
800 3409 902 3472 etiam
917 3410 1127 3489 commendo,
1141 3411 1184 3474 ad
1207 3418 1266 3474 tua
1280 3408 1533 3474 innumerabilia
1554 3408 1715 3474 beneficia

352 3533 475 3597 quaeso,
489 3513 517 3576 si
533 3531 587 3576 me
602 3532 704 3589 amas,
718 3510 782 3576 hoc
797 3512 884 3578 adde
902 3521 940 3578 vt
954 3532 1031 3578 cum
1046 3521 1169 3578 nostrae
1191 3511 1404 3596 profectionis
1426 3511 1546 3577 author
1567 3511 1667 3577 fueris
1681 3524 1716 3578 et

351 3626 453 3701 caput
481 3615 600 3700 (virtus
627 3615 763 3699 inquam
800 3626 859 3682 tua
894 3636 971 3699 quae
1003 3617 1146 3682 currenti
1179 3615 1331 3686 stimulos
1368 3614 1529 3701 addebat)
1566 3636 1716 3700 meaeque

352 3720 506 3787 tenuitati
521 3721 611 3785 solus
626 3730 660 3787 et
675 3721 791 3785 unicus
814 3720 947 3805 adjutor
962 3722 1069 3800 fueris,
1083 3720 1188 3786 nihilo
1202 3721 1304 3786 etiam
1328 3721 1437 3785 minus
1452 3729 1550 3786 extra
1572 3720 1714 3805 patriam

351 3825 493 3891 viventis
508 3825 670 3890 rationem
685 3824 807 3889 habere
821 3825 912 3902 velis,
927 3843 994 3907 quo
1009 3825 1042 3889 in
1058 3844 1164 3890 annos
1179 3825 1222 3889 ad
1237 3823 1349 3889 studia
1371 3843 1446 3888 mea
1460 3821 1655 3903 excolenda,
1669 3843 1714 3889 ex

352 3929 392 3993 iis
407 3948 483 4012 quae
497 3930 541 3994 ad
557 3949 618 3994 nos
638 3929 712 4012 jure
727 3938 888 4013 spectant,
903 3929 1015 4011 aliqua
1029 3929 1167 3994 subsidii
1183 3949 1244 4014 spe
1259 3937 1411 3994 tenemur
1425 3938 1463 3992 ut
1478 3927 1586 4011 magis
1600 3947 1714 3993 secure

352 4034 449 4098 liceat
480 4034 512 4096 in
540 4033 651 4117 legum
678 4034 924 4098 amoenissimus
950 4035 1061 4099 viretis
1091 4033 1281 4117 exspatiari,
1306 4033 1397 4097 unde
1426 4051 1534 4096 rerum
1565 4050 1714 4096 mearum

352 4137 507 4221 praesidia
522 4146 636 4221 putem
652 4138 871 4222 expectanda,
883 4137 937 4202 hic
951 4135 1116 4218 siquidem
1128 4144 1242 4200 tantus
1253 4144 1304 4199 est
1315 4134 1521 4199 literatorum
1536 4152 1714 4198 concursus

352 4250 390 4307 ut
416 4242 589 4324 tyronibus
615 4252 649 4307 et
671 4241 850 4326 neophytis
875 4262 942 4305 non
964 4241 1009 4304 sit
1031 4238 1130 4303 locus.
1176 4239 1336 4305 Ranustis
1358 4259 1402 4304 ex
1425 4238 1536 4303 edicto
1558 4236 1715 4321 principis

352 4344 520 4410 silentium
535 4355 569 4410 et
582 4347 701 4409 modus
714 4347 897 4431 impositus,
908 4355 968 4425 est,
982 4344 1122 4409 aliarum
1138 4342 1334 4409 facultatum
1355 4342 1556 4427 professores
1567 4340 1621 4405 hic
1636 4351 1714 4406 sunt

351 4469 452 4532 supra
480 4449 613 4532 viginti:
650 4451 707 4532 qui
737 4450 913 4532 diligenter
940 4448 1057 4513 vident
1086 4468 1128 4512 ne
1157 4447 1238 4529 quid
1267 4446 1458 4512 detrimenti
1489 4446 1658 4529 patiantur
1694 4463 1715 4509 a
1821 4464 1825 4470 ·

352 4552 530 4618 lectoribus
556 4553 703 4638 privatis,
723 4552 941 4638 quamobrem
967 4553 995 4617 si
1018 4552 1131 4635 aliqua
1157 4550 1238 4616 mihi
1264 4570 1341 4635 spes
1366 4570 1412 4615 ex
1435 4566 1511 4614 meo
1531 4547 1716 4634 affulgeret,
