4110 5844
501 611 561 689 178
1011 620 1202 674 arraunrx
1226 621 1286 674 uo.
1310 620 1347 674 u

494 782 567 867 ejus
582 783 867 849 demonstratione
881 783 1106 861 committunt,
1118 783 1211 867 impii
1223 792 1257 848 et
1266 784 1431 847 temerarii
1443 792 1530 861 sunt,
1542 794 1576 849 et
1586 784 1697 849 Deum
1712 786 1861 867 quodam

494 887 597 951 modo
619 888 652 951 in
675 888 827 951 ordinem
849 898 983 971 cogunt,
998 908 1074 952 cum
1099 887 1192 952 Deus
1215 906 1426 971 nequaquam
1449 887 1546 955 obid
1573 889 1786 973 omnipotens
1810 890 1863 969 sit,

493 991 589 1074 quasi
604 990 659 1055 ille
674 1010 714 1056 ea
729 991 836 1056 iacere
850 991 931 1056 velit
945 1011 1153 1076 quaecunque
1167 992 1343 1057 temeraria
1356 991 1531 1057 hominum
1546 1002 1580 1057 et
1595 1013 1682 1058 vana
1701 993 1862 1077 cogitatio

493 1095 682 1180 conceperit
698 1106 731 1161 et
747 1094 815 1160 fieri
830 1095 987 1175 voluerit;
1011 1095 1079 1162 Sed
1100 1096 1176 1160 ideo
1196 1096 1317 1161 dicitur
1336 1097 1559 1182 omnipotens,
1573 1096 1664 1180 quod
1685 1097 1861 1164 omnia'ea

492 1197 600 1264 iacere
630 1200 744 1282 possit,
777 1218 985 1283 quacunque
1014 1199 1115 1265 verbo
1152 1220 1188 1263 se
1225 1198 1389 1265 facturum
1427 1200 1594 1279 indicavit,
1625 1200 1749 1265 Mirum
1778 1221 1861 1267 sane

491 1303 648 1367 omnibus
664 1303 773 1367 modis
788 1312 848 1380 est,
863 1305 954 1388 quod
970 1303 1052 1368 illud
1068 1303 1243 1368 hominum
1258 1322 1364 1387 genus
1379 1303 1423 1368 de
1442 1303 1506 1368 Dei
1526 1305 1771 1389 omnipotentia
1789 1314 1859 1370 tam

491 1405 593 1472 libere
619 1407 709 1492 apud
737 1407 925 1491 imperitam
953 1408 1202 1472 multitudinem
1229 1406 1423 1487 deblateret,
1449 1417 1483 1474 et
1510 1428 1576 1472 non
1607 1407 1703 1473 aliter
1727 1409 1861 1490 garriat,

489 1511 646 1593 quamsi
673 1512 953 1594 omnipotentiam
986 1511 1050 1576 Dei
1080 1510 1122 1576 ad
1154 1531 1215 1576 sua
1245 1511 1366 1596 frigida
1395 1521 1586 1576 commenta
1616 1522 1651 1577 et
1679 1514 1860 1578 vanissima

489 1615 621 1679 somnia
653 1614 904 1698 comprobanda
938 1615 1012 1698 jure
1041 1615 1189 1698 quodam
1223 1615 1424 1680 conductam
1462 1625 1496 1681 et
1532 1616 1627 1698 quasi
1664 1615 1859 1682 obstrictam

489 1716 634 1784 haberet
680 1718 779 1785 Certe
804 1720 1050 1802 omnipotentia
1077 1718 1142 1783 illis
1168 1738 1235 1784 non
1262 1719 1370 1784 solum
1400 1729 1452 1784 est
1481 1720 1667 1803 speciosum
1697 1719 1858 1805 effugium

488 1824 579 1906 apud
602 1823 826 1906 promiscuam
850 1823 993 1903 turbam,
1015 1823 1074 1888 sed
1097 1824 1199 1888 etiarn
1223 1833 1274 1889 est
1297 1823 1487 1888 favorabilis
1513 1833 1707 1907 praetextus.
1751 1824 1859 1890 Vaea

488 1926 562 2005 illis,
587 1926 678 2010 quod
708 1928 988 2011 omnipotentiam
1019 1927 1084 1992 Dei
1114 1927 1265 1993 omnium
1296 1947 1443 1992 errorum
1473 1928 1568 2011 quasi
1600 1927 1793 2012 operculum
1824 1938 1859 1995 et

488 2030 756 2115 integumentum
772 2030 904 2098 faciant
950 2032 1063 2117 Cogor
1073 2031 1125 2097 his
1140 2032 1264 2098 addere
1278 2051 1383 2097 unum
1396 2032 1486 2115 quod
1504 2032 1676 2115 Marpurgi
1692 2041 1726 2097 et
1743 2032 1857 2098 Martii

488 2134 613 2200 factum
634 2145 686 2200 est
709 2155 730 2200 a
753 2135 1048 2220 superintendente
1073 2135 1171 2202 Doct
1192 2135 1385 2213 Leuchlero,
1402 2135 1460 2219 qui
1479 2135 1513 2200 in
1538 2135 1672 2219 publica
1696 2137 1858 2202 concione

487 2238 647 2303 audacter
661 2248 695 2304 et
709 2238 916 2305 confidenter
931 2240 993 2305 hac
1008 2240 1155 2323 proferre
1174 2259 1242 2304 non
1261 2239 1394 2305 erubuit
1408 2240 1504 2303 sicuti
1520 2240 1631 2305 dixit.
1646 2240 1674 2304 si
1694 2240 1788 2305 Deus
1803 2260 1858 2306 me

486 2342 530 2407 ad
560 2341 730 2408 hominem
760 2343 940 2409 creandum
971 2344 1004 2408 in
1034 2344 1210 2408 consilium
1239 2351 1400 2421 vocasset,
1425 2343 1664 2408 consuluissem
1695 2344 1758 2427 ipsi
1789 2343 1858 2408 imd

484 2445 658 2530 jussissem
673 2457 712 2512 ut
727 2447 895 2511 sinistram
911 2466 1025 2512 aurem
1041 2466 1108 2512 non
1125 2457 1269 2514 creasset
1284 2447 1342 2511 sed
1358 2446 1431 2530 ejus
1446 2446 1521 2512 loco
1541 2467 1659 2512 nasum
1683 2448 1857 2531 posuisset,

488 2569 527 2614 ac
554 2551 628 2614 loco
654 2551 726 2614 nasi
753 2571 857 2616 unum
885 2571 1045 2635 magnum
1075 2551 1210 2617 oculum
1241 2572 1302 2636 pro
1328 2561 1469 2634 utroque
1495 2551 1594 2617 oculo
1619 2550 1759 2631 lecisset,
1784 2561 1855 2617 tam

486 2652 631 2719 absurda
660 2663 694 2719 et
718 2654 915 2738 blasphema
938 2654 1084 2739 proferre
1108 2655 1172 2721 illis
1195 2675 1328 2721 summa
1357 2665 1409 2722 est
1438 2654 1562 2740 religio,
1607 2655 1700 2720 Ante
1723 2657 1856 2737 quadri·

486 2757 622 2822 ennium
650 2757 806 2824 Cassellis
830 2759 938 2823 simile
961 2759 1132 2842 quoddam
1157 2760 1337 2844 contigita
1361 2759 1510 2826 Domino
1529 2759 1683 2842 Johanne
1705 2759 1856 2825 Winkel-

486 2881 611 2926 manno
626 2862 683 2945 qui
699 2883 740 2927 eo
756 2873 906 2947 tempore
921 2863 985 2929 luit
1000 2864 1044 2929 ibi
1060 2863 1187 2929 aulicus
1201 2864 1425 2943 concionator,
1440 2864 1468 2928 is
1484 2865 1518 2928 in
1533 2863 1680 2947 quadam
1695 2865 1856 2930 concione

486 2966 520 3031 in
547 2965 755 3032 orthodoxos
781 2966 960 3032 immodice
987 2969 1137 3033 invectus
1166 2978 1227 3046 est,
1253 2968 1301 3035 ita
1329 2977 1367 3033 ut
1393 2967 1593 3033 Wilhelmus
1624 2967 1855 3051 Landgravius

485 3069 646 3155 piissimae
671 3071 840 3136 memoriae
868 3072 977 3156 ipsum
1004 3072 1272 3156 reprehenderit,
1295 3071 1411 3137 dicens
1438 3070 1641 3137 moderatius
1664 3081 1699 3137 et
1724 3073 1855 3156 parcius

487 3173 530 3239 de
553 3171 618 3238 illis
641 3173 820 3239 dicendum
847 3184 881 3241 et
906 3175 1110 3259 loquendum
1136 3196 1217 3255 esse,
1241 3176 1293 3241 cui
1318 3174 1598 3241 Winkelmannus
1622 3175 1746 3241 indixit
1774 3176 1856 3241 satis

490 3277 711 3361 impudenter,
725 3278 861 3343 diecns:
882 3279 963 3343 Will
985 3279 1063 3344 dein
1086 3280 1125 3346 E.
1146 3280 1223 3344 dem
1260 3279 1305 3345 H,
1325 3278 1422 3344 Geist
1439 3279 1501 3342 das
1524 3278 1614 3343 maul
1637 3278 1778 3364 stopfen,
1795 3279 1855 3344 he.

487 3380 572 3446 Vult
587 3391 645 3446 tua
660 3381 838 3447 clementia
854 3382 911 3468 Sp.
928 3382 962 3450 S.
978 3403 1016 3447 os
1027 3383 1191 3450 obturare.
1227 3382 1324 3448 Talia
1335 3403 1468 3468 semper
1482 3383 1662 3466 proferunt,
1677 3391 1711 3448 et
1725 3382 1856 3448 addunt

486 3505 522 3550 se
552 3485 753 3551 Calvinistas
780 3486 851 3569 jam
881 3488 1006 3553 vicisse.
1066 3488 1166 3554 Certe
1193 3488 1344 3554 vicerunt
1373 3507 1431 3551 eos
1461 3507 1528 3551 non
1561 3487 1766 3570 argumentis
1795 3486 1855 3551 sed

486 3589 639 3653 convitiis
655 3599 689 3653 et
704 3590 895 3668 mendaciis,
910 3600 1107 3674 argumenta
1122 3611 1167 3656 ex
1182 3591 1303 3657 divinis
1319 3589 1422 3656 literis
1438 3590 1543 3674 petita
1559 3590 1649 3655 nulla
1664 3591 1856 3669 admittunt,

487 3693 545 3757 sed
561 3702 757 3772 scommata,
772 3693 965 3772 calumnias,
977 3704 1011 3760 et
1025 3695 1135 3759 omnis
1151 3695 1281 3778 generis
1297 3692 1418 3779 probra
1429 3694 1464 3780 in
1476 3692 1684 3757 orthodoxos
1696 3702 1855 3759 evomunt

487 3806 522 3861 et
541 3807 704 3881 expuunt,
720 3807 754 3862 et
771 3800 828 3880 qui
853 3797 917 3863 hoc
937 3818 1004 3862 non
1028 3798 1155 3863 iaciunt
1176 3817 1234 3863 eos
1256 3807 1429 3882 suspectos
1451 3796 1576 3862 habent
1599 3805 1633 3862 et
1655 3795 1855 3863 Calvinistas

487 3921 560 3965 esse
582 3901 774 3968 ⁴clamitant
819 3901 876 3969 Sic
906 3902 986 3986 ipsis
1016 3902 1239 3969 calumniand.
1269 3903 1435 3986 protervia
1464 3912 1516 3967 est
1547 3900 1649 3985 [torn]
1679 3921 1757 3966 vera
1786 3921 1855 3966 suae

489 4003 649 4070 Ecclesiae
679 4014 767 4071 nota
814 4005 966 4071 Profectd
997 4005 1173 4093 magnifice
1209 4007 1346 4073 domine
1382 4026 1459 4072 cum
1496 4005 1721 4070 controversia
1757 4005 1856 4069 nullis

486 4109 693 4192 argumentis
722 4111 879 4194 componi
909 4118 943 4176 et
962 4109 1056 4175 ,finiri
1080 4120 1214 4195 queant,
1240 4110 1395 4175 omnibus
1422 4109 1531 4174 modis
1555 4109 1772 4174 metuendum
1796 4119 1856 4188 est,

487 4211 560 4276 illas
591 4213 703 4278 Deum
733 4213 837 4280 hastis
867 4214 1051 4280 'furcarum
1081 4215 1236 4280 dirimere
1264 4214 1360 4289 velle,
1388 4215 1431 4279 de
1467 4213 1589 4296 quibus
1618 4213 1661 4279 ad
1691 4212 1855 4296 Jacobum

489 4314 723 4381 Balendinium
740 4320 873 4402 copiose
889 4319 1013 4402 scripsi,
1030 4319 1081 4383 Ea
1097 4319 1191 4404 cujus
1207 4317 1310 4384 literis
1325 4318 1508 4384 Turcarum
1528 4317 1641 4401 copias
1660 4327 1694 4382 et
1716 4325 1856 4382 conatus

489 4428 547 4483 tua
581 4420 828 4504 magnificentia
859 4442 1060 4506 cognoscere
1099 4424 1229 4507 poterit
1290 4423 1463 4487 Postremo
1497 4422 1678 4486 clarissime
1709 4420 1856 4485 Domine

487 4532 568 4587 ante
590 4543 739 4589 mensem
763 4525 929 4609 Casparus
953 4528 1117 4592 Peuccrus
1136 4525 1425 4592 constantissimus
1444 4534 1479 4591 et
1501 4525 1686 4608 ipsissimus
1709 4522 1766 4588 filii
1791 4523 1854 4588 Dei
