4110 5844
677 644 816 699 vassas
837 645 887 700 'ro
907 644 968 698 sm
989 642 1088 711 Jonu
1112 643 1246 697 susus
1584 630 1639 696 181

560 807 662 873 Tanti
677 817 729 872 est
743 807 898 891 benigno,
913 815 948 872 et
963 805 1089 870 liberali
1106 804 1250 889 Principi

604 911 743 991 Servire,
758 911 816 995 qui
831 909 959 975 nullum
975 930 1045 974 suae
1161 894 1164 901 ’

561 1014 783 1100 Benignitatis
797 1013 1071 1098 qualitercunque
1086 1014 1251 1092 meritum,

605 1119 784 1186 Dimittere
798 1128 968 1185 exsortem
984 1117 1077 1183 solet

1313 1237 1349 1303 P.
1372 1237 1576 1303 Romocvs

646 1579 811 1662 Joannem
835 1473 1015 1644 Skenddm
1040 1576 1259 1642 Archivorvm

499 1683 707 1768 publicorum
724 1684 833 1768 Regni
851 1683 976 1749 Scotiae
990 1682 1164 1747 custodem
1180 1682 1423 1767 dignissimum,

809 1784 953 1851 Carmen
971 1785 1124 1892 Epic0n3

604 1939 709 2003 Recte
724 1939 786 2023 (ita
802 1939 859 2022 Dij
876 1938 1010 2004 faveant
1025 1940 1153 2024 coeptis,
1168 1959 1349 2022 cursusque
1363 1942 1561 2026 secundent)

517 2042 608 2107 Dum
624 2052 756 2107 cessant
771 2042 837 2127 alij,
852 2063 956 2127 prope
971 2042 1061 2107 solus
1076 2043 1210 2127 publica
1224 2063 1320 2108 curas

515 2146 704 2212 Commoda
719 2168 727 2225 ;
748 2166 882 2211 securus
897 2166 1016 2225 rerum,
1031 2146 1207 2225 SKENAEE,
1222 2156 1364 2228 tuarum,

516 2250 552 2316 Si
568 2252 675 2335 prosis
689 2251 784 2316 aliis:
806 2251 871 2316 hoc
885 2270 962 2316 vere
977 2259 1028 2316 est
1043 2270 1110 2315 non
1125 2250 1189 2315 sibi
1205 2252 1306 2330 nasci,

515 2354 584 2421 Sed
600 2356 739 2439 patriae:
762 2375 841 2421 narn
856 2375 958 2438 quarn
974 2354 1101 2439 patriae,
1115 2353 1317 2436 doctissime,
1328 2366 1457 2440 partem

516 2458 689 2525 Debueras
704 2469 806 2538 ortus,
821 2479 945 2544 magno
960 2478 1037 2525 cum
1053 2458 1181 2525 soenore
1195 2460 1316 2528 reddis

515 2561 565 2628 At
579 2572 758 2648 postquam
774 2565 879 2629 virtus
895 2564 1003 2630 meriti
1019 2583 1087 2629 non
1102 2564 1280 2629 immemor
1294 2585 1441 2648 vnquam

515 2667 629 2753 Digna
643 2668 801 2734 laboratis
815 2668 996 2753 despondit
1010 2668 1150 2752 praemia
1164 2669 1260 2748 curis,

515 2771 561 2837 Et
575 2772 677 2851 licuit,
692 2773 829 2838 tandem
845 2771 967 2837 chartis
982 2781 1017 2838 te
1032 2766 1170 2838 reddere
1185 2792 1357 2859 nunquam

515 2875 607 2940 Ante
623 2877 698 2955 tuis,
713 2878 858 2961 primum
874 2876 989 2943 blattis
1004 2876 1172 2961 epulanda
1186 2876 1309 2956 relicta,

515 2979 716 3064 Magnorum
731 2980 884 3046 consulta
898 2990 1042 3065 patrum,
1058 2981 1258 3066 Regumque
1272 2982 1419 3066 priorum

511 3083 620 3167 Jussa,
635 3105 730 3150 sacro
744 3084 933 3150 veneranda
948 3094 1050 3163 metu,
1065 3084 1326 3169 temerandaque
1340 3086 1431 3166 nulli,

515 3188 666 3272 Impune,
681 3189 715 3253 in
731 3209 832 3273 puras
846 3188 960 3254 educis
976 3188 1111 3254 luminis
1125 3209 1231 3254 auras.

514 3291 545 3354 N
548 3312 586 3356 ec
600 3290 709 3356 solum
725 3291 804 3371 sole,
818 3301 853 3358 et
867 3292 954 3358 coelo
968 3302 1003 3359 te
1017 3301 1153 3358 auctore
1168 3292 1329 3374 fruuntur,

513 3395 743 3461 Verumetiam
758 3395 883 3480 (meriti
898 3405 993 3462 tanta
1007 3405 1059 3463 est
1074 3395 1210 3480 fiducia)
1225 3417 1334 3462 rerum

512 3498 589 3582 Jam
605 3500 667 3565 sibi
683 3500 884 3580 tractandas,
899 3502 1024 3567 audent
1039 3502 1234 3585 promittere
1248 3500 1405 3582 habenas,

513 3602 584 3682 Vis,
599 3602 698 3682 furor,
713 3614 746 3669 et
761 3603 903 3682 fraudes,
918 3611 1023 3669 terras
1039 3604 1217 3670 formidine
1231 3605 1370 3672 solvent

513 3705 560 3771 Et
574 3727 650 3790 quae
665 3708 841 3791 despectae,
856 3706 920 3772 sub
934 3706 1021 3773 tristi
1036 3728 1166 3773 carcere
1181 3708 1271 3793 leges

512 3808 745 3894 Obductaeque
759 3810 834 3889 situ,
849 3820 883 3875 et
898 3810 1005 3876 multa
1020 3811 1162 3895 caligine
1176 3821 1274 3877 tectae

512 3913 682 3980 Aruerant
696 3935 704 3993 ;
727 3914 823 3979 nivea
838 3923 946 3998 perte
962 3935 1051 3980 nune
1065 3925 1159 3980 veste
1174 3915 1360 4000 refulgent:

512 4017 559 4083 Et
574 4018 729 4083 manibus
744 4017 892 4097 Domini,
907 4027 942 4084 et
956 4027 1098 4104 patrum,
1114 4019 1295 4104 populique
1310 4019 1467 4088 feruntur.

512 4121 602 4206 Quin
619 4122 721 4188 etiam
738 4121 846 4187 sontes
861 4122 984 4207 legum,
999 4131 1034 4188 et
1049 4122 1216 4188 cunabula
1230 4122 1359 4208 pandis¹

512 4225 657 4310 Quoque
671 4227 795 4292 cadant
813 4226 896 4311 juris
910 4225 1056 4292 deducta
1070 4226 1234 4292 vocabula
1248 4227 1292 4292 ab
1306 4237 1391 4307 ortu,

511 4328 669 4413 Quidque
684 4330 799 4408 ferant,
814 4331 915 4395 docto
930 4328 994 4395 hoc
1008 4331 1112 4396 tradis
1127 4332 1254 4396 dictata
1269 4331 1388 4397 libello.

597 4434 710 4498 Macte
726 4435 838 4512 animi,
852 4433 933 4499 nulli
948 4435 1089 4500 deerunt
1103 4436 1235 4500 virtutis
1249 4436 1402 4514 honores,

511 4537 583 4601 Nec
599 4538 726 4603 meritis
741 4538 903 4621 pretium:
926 4547 1027 4616 tenet,
1041 4548 1272 4622 aetemumque
1284 4539 1421 4618 tenebit,
