4110 5844
570 624 629 708 156
1077 639 1268 694 Arrauorx
1291 641 1352 696 uo.
1377 640 1413 695 11.

566 800 615 865 tui
631 801 673 865 ad
695 810 729 865 te
748 808 945 865 testaturum
966 821 1038 866 esse
1056 801 1319 887 quotiescunque
1338 803 1470 868 occasio
1489 803 1570 868 mihi
1595 824 1631 869 se
1649 802 1814 869 obtulerit
1859 804 1931 872 Oro

568 902 679 968 Deum
705 912 743 969 ut
768 911 801 968 te
827 905 943 987 patriae
969 913 1003 971 et
1029 904 1126 970 nobis
1152 907 1268 972 amicis
1294 907 1360 972 tuis
1386 907 1443 972 diu
1471 907 1670 973 incolumem
1697 918 1814 987 servet,
1837 919 1872 974 et
1897 918 1931 974 te

567 1017 692 1092 tuoque
706 1027 824 1072 omnes
838 1007 882 1073 ab
897 1008 988 1073 omni
1005 1009 1094 1075 malo
1108 1030 1240 1094 semper
1254 1019 1417 1096 protegat

634 1111 765 1179 Salutat
780 1122 815 1177 te
830 1111 1009 1196 plurimum
1025 1121 1059 1178 et
1074 1111 1313 1179 officiosissime
1328 1115 1476 1180 Lavinus
1492 1124 1610 1180 noster.
1648 1114 1742 1179 Vale.
1786 1116 1929 1180 Londini

572 1218 611 1280 16
626 1215 676 1283 cl.
694 1215 850 1283 Octobris
867 1216 969 1282 Anno
984 1217 1101 1284 salutis
1116 1230 1267 1284 Lxxxvl.

1109 1339 1157 1405 tui
1172 1338 1441 1406 studiosissimus.

1311 1457 1488 1526 cmoms
1512 1460 1616 1526 Bruto
1639 1461 1865 1526 Zenormus.

745 1626 962 1693 Nobilissimo
985 1638 1021 1693 et
1042 1627 1237 1694 doctissimo
1260 1627 1331 1693 viro
1348 1605 1492 1693 ¹domino
1509 1627 1631 1709 Joanni
1655 1627 1800 1694 Skenaeo
1823 1631 1932 1695 amico

679 1753 740 1797 suo
766 1730 946 1815 plurimum
972 1730 1182 1798 observando
1212 1732 1346 1816 louinge
1376 1731 1506 1796 Frende
1536 1731 1585 1798 Sr.
1616 1732 1725 1815 Johne
1755 1732 1867 1800 Skene
1896 1745 1932 1800 at

681 1834 911 1920 Edenbourge.
1539 1832 1544 1841 ’
1673 1836 1866 1921 Edimburg.

1242 2077 1373 2126 2⁹<

635 2214 669 2281 S.
694 2216 736 2280 D.
780 2214 838 2279 An
859 2233 935 2279 mea
952 2213 1012 2280 tibi
1037 2223 1206 2299 postrema
1227 2214 1368 2299 epistola
1388 2213 1518 2278 reddita
1539 2213 1591 2293 sit,
1611 2212 1722 2278 nescio
1744 2263 1751 2278 .
1772 2213 1831 2277 sed
1853 2233 1929 2276 cum

570 2317 781 2383 serenissimo
797 2319 891 2402 Rege
909 2329 968 2383 tuo
983 2320 1017 2383 in
1037 2319 1148 2384 Dania
1165 2328 1199 2383 te
1217 2317 1393 2402 hyemasse
1412 2337 1480 2382 non
1497 2316 1616 2383 dubito
1633 2318 1773 2382 sortasse
1790 2337 1931 2400 occupa·

569 2421 677 2487 tiones
696 2421 905 2501 obstiterunt,
920 2442 963 2487 nc
981 2422 1197 2505 responderes
1216 2472 1224 2488 .
1241 2420 1331 2487 volui
1351 2432 1464 2486 tamen
1483 2441 1547 2506 ego
1566 2422 1610 2487 ad
1629 2432 1663 2486 te
1682 2422 1801 2487 iterum
1817 2421 1932 2505 paucis

569 2525 720 2605 scribere,
745 2524 906 2591 offerente
932 2547 968 2590 sc
996 2527 1171 2591 occasione
1196 2546 1256 2609 per
1279 2526 1322 2591 D.
1353 2524 1584 2591 Renechcrum
1609 2535 1755 2591 veterem
1785 2525 1929 2589 amicum

568 2638 719 2694 nostrum
735 2629 820 2694 istuc
835 2628 1108 2714 proficiscentem,
1119 2649 1219 2713 quem
1234 2629 1296 2694 etsi
1312 2627 1368 2693 ubi
1384 2649 1497 2694 carum
1512 2649 1586 2693 esse
1599 2648 1709 2713 perse
1724 2649 1791 2692 non
1803 2626 1930 2705 dubito,

567 2741 605 2798 vt
630 2753 716 2798 mea·
731 2753 833 2798 causa
855 2743 968 2798 tamen
994 2752 1071 2797 cum
1097 2742 1218 2798 cuncta
1242 2732 1464 2817 amplectione
1489 2741 1524 2798 et
1546 2751 1604 2797 ore
1626 2732 1761 2797 docebit
1783 2732 1811 2795 is
1829 2741 1864 2796 te
1886 2732 1929 2796 de

568 2853 675 2901 rerum
698 2846 886 2902 nostrarum
907 2845 997 2902 statu
1018 2847 1052 2902 et
1071 2834 1169 2901 rebus
1183 2835 1416 2900 communibus
1431 2835 1559 2921 eritque
1573 2836 1645 2901 vice
1659 2834 1818 2919 epistolae
1860 2833 1929 2900 Ubi

567 2941 733 3006 audiveris
748 2962 826 3007 eum
841 2951 876 3006 et
890 2941 1086 3026 cognoveris
1100 2941 1170 3005 eius
1184 2939 1358 3005 consilium
1379 2959 1419 3004 ac
1442 2941 1596 3018 rationes,
1609 2939 1695 3004 bene
1712 2939 1828 3006 leceris
1845 2939 1874 3003 si
1895 2948 1930 3003 et

568 3046 611 3112 ad
628 3046 732 3130 Regis
747 3047 795 3112 tui
811 3045 1013 3130 colloquium
1029 3044 1158 3111 aditum
1173 3045 1204 3110 ei
1219 3045 1385 3128 aperueris
1407 3093 1416 3111 .
1437 3045 1534 3132 plura
1555 3064 1621 3109 non
1638 3045 1732 3129 potui
1755 3065 1814 3128 per
1833 3063 1928 3109 occu·

567 3149 728 3235 potiones
768 3149 860 3215 Bene
883 3159 917 3214 ct
942 3140 1096 3215 Feliciter
1114 3148 1203 3214 vale:
1232 3169 1271 3213 ac
1295 3149 1506 3215 serenissimo
1530 3149 1615 3234 Regi
1640 3158 1700 3214 tuo
1726 3168 1780 3213 mc
1801 3146 1928 3213 subiec-

566 3253 695 3320 tissime
710 3254 911 3319 commenda
930 3256 968 3318 18
982 3253 1073 3336 Junii
1090 3251 1167 3319 Kal.
1183 3251 1286 3317 Anno
1299 3270 1344 3334 90

1551 3355 1632 3422 Cas.
1656 3356 1862 3423 Procerus

1691 3473 1727 3526 D.

589 3549 792 3616 Brevitatcm
808 3547 952 3632 epistolii
967 3545 1144 3615 excusabit

591 3646 593 3650 ⁴
675 3654 717 3719 D.
735 3651 954 3717 Renechcrus.

743 3815 928 3882 Nobilitate
947 3816 1107 3894 doctrina,
1125 3812 1303 3899 prudentia
1317 3797 1359 3879 'et
1375 3814 1497 3880 virtute
1520 3813 1697 3879 excellenti
1717 3813 1759 3878 D.
1780 3812 1927 3898 Johanni

675 3919 841 3988 Scheneio
859 3918 1047 3985 consiliario
1064 3918 1234 4005 praecipuo
1250 3916 1449 3983 serenissimi
1471 3916 1574 4001 Regis
1596 3915 1720 3984 Scotiae
1738 3925 1799 3983 etc.
1818 3917 1927 3982 amico

673 4023 775 4091 veteri
790 4032 824 4088 et
838 4023 1017 4089 carissimo.

632 4331 811 4412 Monsleur,
1235 4265 1252 4329 3

764 4436 951 4520 I’esperoye
971 4437 1014 4501 de
1029 4456 1111 4501 vous
1126 4437 1207 4501 aller
1220 4437 1311 4501 veoir
1325 4445 1360 4502 et
1374 4457 1428 4501 me
1447 4435 1583 4501 resiouir
1599 4455 1680 4500 auec
1695 4456 1777 4500 vous
1797 4436 1842 4500 du
1858 4435 1925 4500 bon

568 4548 654 4606 estat
670 4541 715 4606 de
729 4550 823 4606 votre
847 4541 976 4604 maison
999 4549 1034 4605 et
1057 4541 1313 4607 accroissement
1334 4539 1535 4605 d’honncurs
1557 4541 1641 4607 dont
1665 4540 1752 4605 Dieu
1775 4550 1811 4605 et
1833 4550 1927 4605 votre
