4110 5844
733 634 900 687 terreas
922 633 972 688 no
993 633 1054 687 sna
1074 622 1331 702 Jouu'sxsua
1654 622 1716 702 169

348 797 506 882 quicquid
530 797 630 881 hujus
654 785 848 895 praestiteris
870 796 914 860 ab
938 792 1085 861 amicitia
1114 804 1228 860 nostra
1258 794 1430 879 proficisci,
1460 796 1570 879 siquid
1601 804 1713 861 tamen

347 922 457 968 causae
473 902 577 986 ipsius
591 902 733 966 bonitati
745 901 825 964 dare
836 899 979 966 volueris
995 899 1165 984 proprium
1181 898 1245 964 hoc
1256 899 1388 964 virtutis
1400 899 1635 983 aequabilitatis
1647 910 1715 965 tuae

347 1019 421 1071 esse
435 1006 539 1070 nolim
554 1005 751 1082 dissimules,
768 1004 974 1087 ideoquene
992 1003 1068 1088 plus
1082 1003 1192 1068 verbis
1207 1004 1365 1087 consequi
1380 1003 1465 1068 velle
1480 1024 1581 1088 quam
1597 1003 1713 1070 volun·
1838 992 1851 1019 ‘

347 1111 426 1176 tatis
441 1120 508 1175 tuae
525 1108 645 1175 fiducia
661 1108 883 1193 suspicionem
900 1128 1054 1174 moueam
1073 1109 1234 1173 hactenus
1249 1107 1337 1172 satis.
1384 1107 1509 1172 Rerum
1526 1116 1713 1174 nostrarum

347 1224 472 1280 statum
497 1233 696 1297 cognoscere
720 1213 910 1277 desideras:
931 1214 959 1277 is
977 1213 1114 1295 quidem
1130 1211 1193 1277 hoc
1208 1223 1360 1296 tempore
1378 1211 1454 1276 talis
1473 1221 1534 1291 est,
1552 1222 1590 1277 ut
1613 1213 1714 1297 scrip-

347 1319 473 1384 tionem
489 1316 660 1383 definitam
677 1338 743 1380 non
760 1317 897 1401 recipiat
913 1318 959 1381 ita
973 1318 1087 1381 omnia
1102 1327 1185 1382 nutu
1201 1326 1235 1381 et
1250 1326 1341 1381 metu
1360 1315 1529 1381 Pontificis
1544 1315 1714 1400 complen-

347 1432 408 1488 tur.
454 1422 508 1487 De
523 1420 673 1486 cladibus
688 1421 867 1487 Christiani
883 1421 1050 1493 exercitus
1069 1431 1103 1486 et
1122 1429 1221 1504 capta
1237 1419 1343 1503 Agria
1358 1418 1419 1485 tibi
1432 1419 1503 1502 jam
1520 1440 1586 1483 non
1602 1430 1714 1504 potest

347 1546 419 1590 esse
443 1546 567 1591 novum
591 1536 692 1608 atque
716 1523 793 1589 hinc
819 1525 909 1608 quod
934 1524 1094 1589 Turcicus
1123 1525 1308 1608 Imperator
1331 1523 1402 1606 jam
1429 1525 1565 1607 propius
1593 1523 1713 1589 finibus

348 1630 496 1695 Poloniae
522 1630 683 1709 imminet,
713 1629 790 1693 Rex
818 1639 931 1694 noster
956 1629 1013 1719 diu
1041 1628 1249 1711 multumque
1275 1627 1471 1693 sollicitatus
1498 1649 1558 1712 pro
1580 1627 1713 1694 foedere

346 1753 422 1799 cum
450 1731 692 1797 Germanorum
722 1733 927 1817 Imperatore
949 1731 1180 1797 concludendo
1203 1732 1338 1796 comitia
1362 1732 1454 1815 regni
1477 1732 1646 1816 generalia
1668 1733 1712 1797 ad

347 1837 494 1902 medium
523 1836 692 1900 Februarii
713 1835 868 1900 habenda
892 1836 1009 1914 edixit,
1030 1837 1146 1920 utique
1171 1834 1214 1900 de
1241 1845 1354 1900 nostro
1381 1834 1562 1901 Germania
1587 1834 1713 1900 foedere

348 1940 438 2004 nulla
455 1939 535 2004 mihi
550 1960 636 2023 spes,
647 1941 705 2004 sed
721 1939 880 2023 quicquid
896 1940 1033 2005 tandem
1052 1941 1114 2004 erit
1133 1940 1222 2023 quod
1242 1948 1375 2023 tempus
1394 1939 1506 2004 tulerit
1526 1940 1663 2005 reddam
1679 1950 1713 2007 te

346 2044 520 2108 certiorem
540 2063 594 2108 me
618 2063 751 2128 quoque
776 2043 870 2108 Deus
895 2043 1053 2128 Optimus
1079 2043 1253 2107 Maximus
1277 2042 1442 2113 laboriosa
1467 2043 1650 2109 admodum
1678 2045 1712 2109 in

346 2147 491 2212 statione
517 2146 638 2213 locavit
664 2147 735 2211 sed'
749 2147 866 2231 patriae
893 2147 1014 2213 intuitu
1041 2147 1094 2211 cui
1117 2146 1275 2231 prodesse
1301 2145 1451 2230 contigit,
1476 2148 1590 2211 omnia
1616 2145 1712 2212 facile

345 2251 483 2335 persero.
529 2250 582 2314 De
611 2250 727 2315 amicis
756 2250 837 2314 olim
867 2250 1207 2334 communibus‘quid
1234 2248 1292 2314 fiat
1317 2247 1408 2313 haud
1438 2249 1541 2333 probe
1571 2260 1710 2316 constat

346 2354 493 2438 Jacobus
517 2374 596 2418 vero
624 2353 794 2419 Fabricius
820 2363 855 2418 et
880 2354 929 2419 tui
956 2374 1073 2419 amans
1099 2361 1243 2438 superat,
1264 2362 1363 2436 teque
1386 2362 1424 2419 ut
1446 2351 1625 2437 plurimum
1648 2354 1711 2420 sibi

347 2478 459 2523 carum
475 2456 652 2522 resalutat:
675 2477 775 2541 quem
796 2478 860 2541 ego
878 2477 1012 2541 quoque
1031 2458 1115 2523 bene
1134 2478 1173 2521 ac
1193 2457 1379 2521 diutissime
1392 2455 1503 2523 valere
1521 2458 1625 2522 nostri
1643 2478 1711 2525 non

345 2563 576 2626 immemorem
592 2581 637 2626 ex
653 2560 767 2625 animo
781 2572 871 2645 opto.
916 2560 1073 2629 Calendis
1090 2560 1268 2627 Februarii
1297 2613 1300 2618 .
1314 2559 1418 2624 Anno
1437 2574 1527 2642 1597.

541 2680 605 2746 Cui
619 2681 931 2747 observantissimus
946 2692 981 2747 et
995 2681 1038 2747 ad
1054 2682 1169 2751 omnia
1183 2690 1320 2766 paratus

1197 2801 1435 2868 Gsxuaxous
1459 2802 1647 2870 Barnous

377 3014 380 3021 ·
456 2973 628 3057 Respondi
645 2988 686 3052 27
704 2972 816 3038 Martii
837 2987 917 3055 1597
934 2993 994 3058 per
1008 2972 1187 3038 Patricium
1204 2970 1399 3038 Someruell.

520 3075 713 3142 Clarissimo
739 3080 809 3144 viro
835 3077 1018 3142 nobilitatis
1044 3076 1173 3161 generis
1199 3077 1322 3141 virtute
1352 3085 1386 3140 et
1412 3076 1598 3141 eruditione
1628 3097 1711 3160 prae-

454 3181 566 3259 stanti,
581 3181 719 3245 domino
732 3181 878 3264 Johanni
895 3181 1023 3247 Sceneo
1038 3191 1099 3247 etc
1144 3180 1293 3245 Domino
1308 3179 1418 3244 amico
1432 3179 1648 3245 observando.

1007 3466 1054 3530 14

410 3599 444 3667 S.
461 3601 497 3669 P.
541 3601 731 3668 Clarissime
745 3614 779 3671 et
803 3604 1024 3671 Omatissime
1053 3600 1198 3681 Skinaee,
1211 3600 1318 3667 amice
1341 3599 1526 3685 singularis,
1549 3598 1713 3686 Quamvis

345 3702 408 3768 hoc
424 3714 583 3790 tempore,
595 3707 685 3789 quod
698 3708 885 3792 scriptione,
896 3708 977 3773 satis
989 3706 1129 3791 dignum
1141 3716 1237 3786 esset,
1249 3726 1316 3771 non
1328 3705 1487 3785 habeam;
1503 3707 1712 3786 committere

344 3802 457 3873 tamen
486 3829 552 3873 non
578 3809 678 3889 volui,
704 3812 784 3894 quin
810 3811 925 3877 oblata
951 3809 1130 3877 commoda
1159 3809 1324 3875 scribendi
1354 3809 1529 3874 occasione
1558 3808 1648 3874 hisce
1677 3821 1711 3876 te

345 3912 533 3993 salutarem,
547 3923 582 3978 et
596 3914 752 3995 officium,
767 3904 924 3996 studium,
939 3936 979 3980 ac
993 3913 1260 3980 benevolentiam
1279 3915 1312 3978 in
1331 3921 1366 3979 te
1387 3933 1496 3978 meam
1519 3922 1710 3994 attestarer;

346 4013 453 4082 Simul
477 4035 610 4100 quoque
629 4017 690 4082 abs
709 4027 743 4083 te
760 4028 912 4084 amanter
929 4018 1175 4098 contenderem,
1190 4028 1228 4084 ut
1245 4016 1334 4082 hune
1350 4016 1517 4101 juvenem,
1534 4017 1592 4100 qui
1611 4016 1711 4083 hasce

344 4119 463 4198 reddit,
488 4122 549 4185 tibi
579 4115 851 4188 commendatum
884 4122 1016 4202 habeas,
1046 4123 1143 4207 eique
1180 4132 1238 4186 tua
1274 4141 1384 4205 opera,
1414 4130 1448 4187 et
1485 4120 1647 4186 benevola
1677 4122 1710 4186 in

345 4221 492 4287 literatos
518 4226 790 4309 promptitudine,
816 4226 921 4292 sicubi
947 4247 1023 4292 eam
1051 4226 1285 4311 imploraverit,
1311 4226 1429 4290 adesse
1457 4223 1547 4290 haud
1573 4235 1712 4308 gravate

343 4327 433 4391 velis.
480 4328 543 4394 Est
568 4349 712 4412 namque
739 4331 783 4396 ab
808 4332 1030 4398 illustrissimo
1060 4330 1222 4416 Principe,
1249 4330 1399 4396 Domino
1425 4329 1587 4412 Johanne,
1615 4331 1710 4395 Duce

344 4428 483 4496 'slesvici
501 4432 665 4498 Holsatiae
681 4444 747 4498 etc:
770 4435 864 4520 cujus
880 4435 1032 4500 fiiliorum
1055 4434 1253 4500 institutioni
1276 4432 1469 4516 aliquandiu
1490 4432 1631 4516 praesuit,
1646 4433 1711 4497 huc

344 4534 378 4598 in
394 4532 533 4618 regnum
548 4540 809 4604 commendatus
856 4539 925 4606 Ubi
940 4554 1016 4604 cum
1039 4538 1200 4604 hactenus
1222 4535 1372 4602 nonnihil
1395 4533 1536 4613 haeserit,
1551 4533 1711 4614 Scotiam,

1015 4657 1040 4706 x
