4110 5844
582 655 746 710 narrans
769 655 819 711 ro
839 653 900 709 sm
921 653 1020 722 Jonn
1044 653 1177 709 sauna.
1507 643 1564 727 165

200 822 239 887 ld
266 822 451 906 potentiam
475 819 699 885 adversarium
728 817 885 902 potuisse,
907 836 1079 881 assensum
1110 836 1207 881 suum
1238 836 1409 900 nunquam
1434 838 1564 883 accom-

198 928 357 991 modante
399 924 578 1008 Majestate
619 922 741 987 Vestra
781 940 895 985 sumus
937 919 1204 1004 persuassissimi.
1266 920 1344 1005 Ipsa
1384 923 1473 986 enim
1514 923 1563 988 uti

198 1030 409 1114 accipimus.
437 1027 562 1092 sactum
592 1045 659 1089 non
689 1024 797 1089 solum
828 1024 914 1088 serio
944 1024 1129 1102 adversata,
1158 1033 1193 1089 et
1227 1025 1270 1088 ad
1312 1026 1564 1110 transigendum

198 1135 242 1199 de
271 1134 403 1199 damnis
434 1132 534 1197 illatis
565 1129 749 1195 Dominum
780 1127 948 1193 Comitem
985 1126 1212 1193 Orcanensem
1243 1127 1359 1194 sedulo
1388 1130 1565 1196 adhortata

199 1248 276 1318 est;
309 1237 368 1301 sed
398 1246 432 1301 et
462 1235 633 1300 arbitrium
664 1253 773 1297 causae
803 1229 1000 1296 dirimendae
1035 1230 1272 1314 benignissime
1306 1233 1378 1318 ipsa
1411 1235 1565 1320 suscepit,

199 1351 234 1407 et
260 1341 476 1406 detrectante
512 1338 575 1402 hoc
613 1337 763 1402 Domino
799 1334 932 1400 Comite
970 1336 1131 1419 praedicto
1170 1335 1294 1400 Ehlero
1332 1337 1396 1403 civi
1444 1389 1453 1405 .
1500 1389 1508 1404 .
1556 1389 1564 1405 .

199 1445 254 1510 via
290 1444 550 1528 aggrediendam
589 1442 731 1526 gratiam
773 1439 919 1505 authorit
963 1489 970 1505 .
1015 1489 1022 1504 .
1067 1489 1074 1505 .
1120 1449 1154 1504 et
1198 1490 1205 1506 .
1250 1490 1257 1505 .
1301 1492 1308 1506 .
1353 1442 1396 1507 tis
1432 1452 1564 1508 tanturn

200 1549 312 1614 studio
327 1548 461 1633 proprio
477 1567 543 1610 non
564 1546 675 1629 aliquo
696 1545 800 1629 ipsius
820 1564 895 1608 mer.
933 1593 941 1609 .
985 1593 992 1607 .
1038 1593 1044 1607 .
1091 1542 1181 1608 licita
1199 1553 1258 1609 est
1303 1545 1411 1611 Nobis
1430 1547 1564 1631 qvidem

200 1652 281 1718 nihil
298 1652 446 1717 accidere
462 1651 587 1735 gratius
603 1651 712 1735 potuit
727 1648 819 1733 gravi
845 1648 878 1711 in
903 1649 997 1712 tanta
1015 1643 1137 1711 civium
1153 1656 1340 1714 nostrorum
1357 1651 1565 1731 adversitate,

200 1756 322 1822 habere
348 1776 406 1821 eos
432 1756 614 1840 propiciam
642 1753 895 1820 serenissimam
924 1751 1138 1834 Majestatem
1162 1751 1328 1820 Vestram.
1355 1754 1498 1820 Proinde
1523 1775 1567 1822 ne

200 1861 310 1928 verbis
335 1881 460 1946 aegrare
485 1880 582 1944 posse
605 1859 805 1923 immensum
828 1854 1026 1921 beneficium
1052 1855 1233 1936 videamur,
1255 1877 1339 1941 quas
1361 1859 1482 1926 debere
1504 1881 1566 1926 nos

201 1965 325 2048 gratias
340 1983 561 2048 agnoscamus
577 1960 658 2026 nihil
674 1961 727 2024 hic
743 1960 894 2038 dicimus,
905 1959 963 2023 scd
980 1969 1018 2024 ut
1032 1958 1197 2043 prioribus
1217 1962 1249 2026 in
1267 1973 1431 2029 nostrates
1450 1964 1566 2050 benig-

202 2068 316 2133 nitatis
331 2068 450 2132 studiis
465 2086 568 2131 unum
584 2066 686 2130 etiam
702 2064 766 2128 hoc
781 2062 925 2145 adjicere
940 2063 1097 2145 dignetur
1111 2065 1212 2129 etiam
1229 2075 1330 2150 atque
1343 2069 1445 2134 etiam
1457 2069 1567 2135 verbis

202 2171 464 2255 diligentissimis
494 2167 667 2234 humilime
697 2171 860 2253 rogamus.
916 2167 1083 2232 Nimirum
1121 2178 1159 2233 ut
1195 2169 1432 2238 authoritatem
1470 2194 1565 2240 suam
1682 2213 1687 2225 -

204 2276 346 2358 Regiam
373 2275 462 2360 apud
490 2272 762 2357 augustissimum
791 2271 955 2338 Sessionis
978 2271 1173 2351 Consilium,
1199 2294 1266 2358 quo
1293 2277 1464 2342 remissam
1491 2299 1566 2344 eam

203 2381 460 2444 controversiam
476 2379 664 2462 accepimus
679 2396 740 2461 pro
755 2377 846 2460 regia
861 2376 990 2459 pietate·
1001 2375 1190 2460 interponat
1202 2398 1244 2442 ne
1256 2366 1385 2444 novum
1395 2379 1567 2448 adoriendi

205 2485 399 2548 Processum
415 2492 449 2547 et
465 2503 533 2547 rem
549 2492 659 2547 actam
675 2481 786 2545 denuo
802 2479 923 2562 agendi
944 2481 1123 2545 necessitas
1138 2480 1264 2547 civibus
1280 2484 1401 2550 nostris
1417 2476 1568 2571 impona-

204 2597 266 2666 tur,
281 2588 339 2652 sed
364 2585 476 2651 revisis
499 2582 617 2669 prioris
629 2584 744 2668 judicii
768 2583 922 2660 actitatis,
937 2584 1025 2666 qvod
1049 2583 1181 2649 bonitas
1203 2584 1291 2670 qvod
1314 2590 1455 2672 aequitas
1477 2591 1566 2674 qvod

205 2691 344 2756 immota
357 2690 500 2774 justiciae
516 2688 656 2773 Regula,
671 2687 760 2772 qvod
777 2686 896 2752 Gentis
911 2686 1082 2771 utriusque
1094 2691 1308 2770 consuetudo,
1319 2695 1408 2775 qvod
1424 2695 1568 2780 denique

204 2794 345 2879 publicae
363 2792 600 2878 tranquilitatis
620 2790 840 2874 utilitatisque
861 2790 945 2855 ratio
963 2791 1102 2857 svaserit
1120 2802 1153 2857 et
1173 2793 1374 2861 dictitaverit
1394 2796 1477 2863 citra
1495 2819 1567 2884 per·

204 2918 359 2964 sonarum
387 2907 572 2983 respectum
599 2895 743 2980 aliquem
770 2903 936 2959 statuatur
965 2903 1066 2978 atque
1088 2893 1265 2962 definiatur
1286 2919 1325 2964 ac
1352 2903 1488 2967 tandem
1509 2903 1568 2969 ali·

204 3003 339 3087 quando
365 3003 452 3067 cives
479 3001 582 3066 nostri
609 2999 849 3064 benevolentiae
876 2992 988 3081 potius
1017 3006 1052 3063 et
1081 2998 1299 3067 humanitatis
1324 3003 1433 3070 officia
1459 3008 1567 3073 meriti

205 3107 460 3172 aestimationem
488 3105 581 3169 navis
607 3114 641 3168 et
663 3123 771 3168 rerum
795 3102 914 3185 injuria
936 3101 1122 3168 ablatarum
1144 3103 1234 3170 haud
1257 3106 1433 3175 difficulter
1454 3132 1568 3178 conse·

205 3221 351 3295 quantur
371 3231 410 3273 ac
432 3219 502 3274 tam
525 3207 664 3291 Justicia
686 3217 721 3273 et
743 3207 929 3273 Clementia
957 3206 1144 3291 Majestatis
1167 3209 1298 3276 Vestrae
1320 3215 1412 3297 gravi
1435 3217 1569 3301 propria

207 3315 396 3379 innocentia
411 3322 444 3377 et
460 3310 585 3377 meritis
603 3310 709 3395 adjuti
731 3309 943 3376 facultatibus
961 3312 1029 3376 suis
1047 3311 1320 3398 redintegrentur.
1367 3317 1420 3384 lta
1438 3319 1568 3388 DEUS

207 3418 367 3503 Optimus
383 3415 556 3481 Maximus
572 3414 825 3482 Serenissimam
839 3413 1052 3498 Majestatem
1068 3417 1225 3484 Vestram
1241 3419 1427 3488 diutissime
1442 3424 1568 3491 salvam

206 3532 241 3587 ct
267 3520 476 3598 incolumem,
503 3519 611 3604 Regia
637 3519 769 3584 fortuna
791 3517 1059 3584 florentissimam
1085 3531 1119 3586 et
1146 3523 1324 3608 Regnandi
1351 3529 1571 3614 prosperitate

207 3624 478 3711 gloriosissimam
504 3621 808 3688 misericordissime
833 3632 972 3688 tueatur.
1029 3623 1102 3689 Nos
1127 3646 1206 3690 vero
1236 3640 1399 3713 quantum
1426 3632 1569 3717 justiciae

208 3727 456 3795 commendatio
483 3727 628 3812 potuerit
654 3727 696 3791 ad
720 3726 941 3809 clementiam,
967 3736 1098 3793 tantum
1126 3730 1236 3795 collati
1264 3733 1297 3797 in
1324 3735 1412 3800 cives
1439 3749 1571 3805 nostros

208 3832 358 3898 beneficii
386 3829 546 3896 memoria
567 3832 610 3895 ad
635 3831 845 3895 humilimum
873 3841 910 3896 ut
932 3831 1128 3917 obsequium
1158 3833 1284 3916 afferat,
1309 3839 1426 3905 sedulo
1455 3863 1570 3909 sumus

208 3936 364 4002 effecturi.
381 3935 543 4018 Ejusdem
561 3934 749 4017 Maiestatis
764 3934 895 4000 Vestrae
911 3934 1036 4001 Gratiae
1056 3947 1090 4002 et
1109 3937 1212 4002 favori
1231 3960 1293 4004 nos
1312 3962 1445 4027 quoque
1463 3945 1571 4013 humi·
1615 4024 1616 4028 Ἰ

209 4040 287 4106 lime
309 4040 592 4106 commendamus.
637 4040 737 4104 Datae
761 4038 947 4106 Gedanidie
964 4041 1080 4106 xxiiii³
1094 4043 1217 4108 mensis
1232 4043 1336 4111 Anno
1360 4049 1497 4115 Domini
1517 4052 1573 4117 M⁰
1616 4032 1621 4054 ²

210 4147 260 4211 D0
276 4146 377 4210 xcvio.

751 4246 1258 4319 D‚..’tisVr...

1097 4353 1398 4439 obsequentissimi

1016 4458 1240 4525 Praeconsules
1256 4472 1290 4527 et
1305 4461 1467 4531 Consules

1049 4560 1203 4628 Civitatis
1218 4562 1434 4634 Gedanensis
