4110 5844
734 641 899 694 LETTERS
921 640 972 693 To
993 640 1053 694 sm
1073 641 1173 708 Jouu
1196 641 1330 695 SKENE.
1649 643 1715 711 ¹¹77

348 803 462 870 divino
478 802 638 869 beneficio
649 801 750 885 qudm
763 802 890 887 optime
899 803 962 866 sim
978 800 1118 868 affectus
1128 814 1163 869 et
1177 805 1388 882 constitutus,
1399 823 1541 886 meaque
1554 802 1716 889 professio

348 925 424 991 quae
450 908 484 972 in
508 906 632 992 linguae
651 906 794 972 hebraeae
818 906 1042 991 explicatione
1067 906 1101 971 in
1125 906 1188 972 hac
1213 908 1327 974 inclita
1352 908 1540 972 Academia
1563 907 1643 972 mihi
1664 915 1716 972 est

347 1010 552 1076 demandata
576 1022 611 1076 et
636 1011 835 1090 concredita,
862 1031 930 1075 non
955 1008 1131 1077 infeliciter
1155 1012 1322 1096 procedat
1377 1010 1467 1077 Nam
1497 1031 1558 1095 pro
1587 1011 1716 1076 ratione

348 1113 448 1196 hujus
470 1113 665 1179 Academiae
684 1114 851 1181 ethorum
874 1123 1063 1199 temporum
1087 1115 1255 1181 auditores
1277 1116 1358 1181 satis
1382 1114 1505 1181 multos
1527 1115 1635 1181 habeo
1657 1115 1715 1198 qui

348 1219 431 1284 meis
456 1217 623 1284 laboribus
647 1237 714 1282 non
741 1219 849 1283 solum
875 1238 977 1301 quam
1003 1218 1131 1302 optime
1156 1229 1236 1284 sunt
1257 1219 1405 1285 contenti
1430 1219 1488 1283 sed
1509 1219 1611 1284 etiam
1640 1219 1715 1284 Deo

348 1342 410 1406 pro
439 1321 504 1387 illis
532 1331 638 1407 agunt
667 1322 791 1407 gratias
820 1342 921 1406 quam
953 1323 1127 1388 maximas.
1182 1323 1346 1388 Praeterea
1370 1322 1547 1408 magnifice
1568 1322 1716 1389 Domine

348 1427 520 1492 universus
534 1428 638 1491 totius
653 1425 843 1492 Germaniae
862 1437 970 1492 status
992 1427 1155 1512 praecipiti
1176 1437 1267 1493 metu
1290 1437 1472 1511 suspectus,
1487 1436 1521 1493 et
1544 1427 1636 1493 tenui
1659 1425 1715 1492 filo

348 1529 540 1596 humanitus
566 1529 735 1614 loquendo
758 1550 938 1615 suspensus
964 1540 1016 1597 est
1040 1530 1130 1596 Nam
1150 1550 1237 1595 verae
1267 1541 1301 1598 et
1330 1531 1530 1598 orthodoxae
1560 1530 1619 1596 filii
1650 1530 1714 1596 Dei

349 1633 509 1699 Ecclesiae
523 1635 615 1700 unde
629 1654 761 1719 quaque
776 1635 901 1700 damna
915 1645 950 1700 et
964 1634 1111 1719 pericula
1126 1632 1295 1701 imminet

415 1738 504 1804 Nam
534 1749 655 1829 praeter
684 1738 811 1804 Turcas
840 1748 875 1803 et
907 1738 1079 1822 Hispanos
1107 1738 1150 1804 de
1179 1739 1300 1822 quibus
1329 1740 1373 1804 ad
1409 1738 1652 1805 nobilissimum
1682 1748 1717 1805 et

347 1841 619 1907 honestissimum
646 1841 906 1908 Adolescentem
933 1841 1097 1925 Jacobum
1129 1841 1362 1909 Balendinium
1392 1843 1517 1928 scripsi,
1542 1843 1717 1909 domestici

348 1945 463 2012 hostes
484 1967 559 2012 eam
581 1946 729 2030 undique
750 1947 918 2026 infestant,
935 1957 970 2012 et
991 1946 1179 2031 opprimere
1200 1957 1372 2027 conantur,
1388 1947 1605 2012 Flaccianaca
1627 1947 1715 2012 enim

348 2050 447 2116 turba
461 2059 496 2116 et
510 2050 671 2137 pontificii
693 2071 794 2135 quam
815 2052 935 2116 durum
959 2058 993 2115 et
1014 2050 1125 2114 dirum
1146 2049 1314 2129 inauditae,
1329 2050 1506 2116 diabolica
1526 2049 1716 2115 acerbitatis

348 2156 438 2220 virus
452 2156 486 2220 in
502 2176 576 2221 earn
592 2166 758 2234 evomant,
773 2156 973 2238 quantisque
988 2153 1141 2219 convitiis
1158 2163 1193 2220 et
1211 2154 1398 2220 maledictis
1420 2154 1511 2219 illam
1534 2155 1663 2237 agitent
1683 2163 1717 2220 et

348 2269 536 2343 conspuant
550 2261 609 2325 vix
625 2268 724 2344 prout
738 2259 847 2325 verbis
869 2259 1022 2343 exprimi
1067 2257 1252 2324 Clamitant
1274 2257 1374 2342 pleno
1397 2267 1540 2342 gutture,
1555 2268 1589 2322 et
1609 2259 1717 2342 impu·

348 2363 451 2429 dente
479 2384 537 2429 ore
559 2366 673 2429 omnia
702 2363 825 2448 probra
854 2363 888 2427 in
918 2362 1075 2427 innoxias
1105 2360 1320 2445 profundunt,
1343 2362 1474 2428 addunt
1497 2363 1599 2427 etiarn
1625 2362 1716 2445 quod

349 2467 481 2533 effrenis
495 2468 723 2534 debacchandi
740 2468 874 2533 licentia
888 2466 931 2532 sit
946 2486 1079 2532 summa
1094 2464 1210 2548 religio
1227 2475 1262 2531 et
1275 2467 1352 2531 viva
1365 2483 1454 2531 verae
1476 2464 1554 2530 fidei
1574 2463 1717 2552 ἐνέργεια

348 2581 450 2656 etque
476 2572 680 2639 luculentum
704 2572 849 2657 Spiritus
873 2570 987 2637 Sancti
1012 2569 1241 2635 testimonium
1265 2568 1426 2634 Mullerus
1449 2570 1551 2634 etiam
1572 2569 1716 2634 Witten·

349 2675 471 2760 bergae
481 2697 526 2742 ex
538 2686 698 2760 suggestu
710 2673 841 2761 publice
854 2674 1013 2741 Sanctam
1027 2673 1170 2737 Mariam
1183 2671 1240 2737 filii
1257 2672 1322 2737 Dei
1338 2683 1480 2738 matrem
1496 2670 1716 2738 Calvinistam

349 2780 539 2864 appellavit,
553 2780 599 2846 ob
613 2782 647 2846 id
659 2781 750 2864 quod
760 2801 807 2845 ex
823 2778 958 2863 Angelo
970 2777 1045 2856 Dei,
1060 2777 1258 2860 quaesiverit,
1269 2777 1441 2858 quomodo
1453 2775 1558 2841 filium
1570 2778 1717 2860 paritura

349 2883 393 2949 sit
407 2904 484 2949 cum
498 2886 606 2950 virum
626 2905 694 2950 non
713 2885 896 2969 agnoverit,
909 2882 1066 2946 omnibus
1091 2882 1201 2946 modis
1219 2879 1402 2947 dolendum
1423 2900 1496 2945 esse
1511 2880 1609 2959 dixit,
1625 2882 1716 2963 quod

349 2988 549 3053 sanctissimi
586 2990 709 3074 quique
745 2988 951 3054 calvinistico
987 3004 1118 3050 veneno
1152 2984 1219 3048 sint
1254 2982 1394 3061 infecti3.
1416 2981 1488 3048 haec
1518 2985 1553 3049 in
1582 2984 1717 3069 publica

348 3092 508 3157 concione
530 3112 607 3158 cum
628 3111 751 3176 magna
765 3091 879 3178 populi
894 3089 1059 3175 applausu
1079 3109 1139 3174 per
1152 3087 1367 3153 sarcasticum
1382 3088 1485 3153 risum
1499 3088 1717 3170 ebuccinavit,

348 3213 454 3278 eaque
484 3215 535 3260 res
564 3197 656 3279 typis
677 3204 728 3261 est
757 3216 882 3261 excusa
908 3205 942 3260 et
972 3195 1006 3258 in
1036 3193 1144 3258 lucem
1169 3192 1299 3271 emissa,
1324 3192 1372 3257 sic
1401 3213 1519 3258 omnes
1544 3192 1716 3278 appellant

349 3297 549 3364 Calvinistas
563 3300 620 3382 qui
636 3299 735 3384 hujus
750 3308 808 3365 aut
824 3298 910 3364 illius
926 3299 972 3363 rei
987 3297 1039 3363 vel
1055 3297 1225 3382 dogmatis
1240 3297 1403 3362 rationem
1418 3306 1581 3380 quaerunt

413 3401 543 3467 Volunt
557 3403 620 3468 sibi
639 3403 833 3488 simpliciter
850 3402 940 3467 credi
953 3402 1022 3466 sive
1037 3421 1152 3466 verum
1168 3401 1316 3466 dixerint
1333 3421 1395 3465 nec
1410 3420 1462 3480 ne,
1475 3401 1593 3467 volunt
1612 3402 1714 3468 etiam

349 3504 464 3572 Sancti
481 3508 546 3571 Dei
561 3506 662 3573 verba
682 3508 865 3573 secundum
886 3505 1014 3571 literam
1034 3504 1158 3587 ubique
1172 3506 1288 3589 accipi,
1302 3504 1461 3570 blatirant
1477 3506 1579 3570 etiam
1603 3506 1715 3571 Deum

347 3617 417 3672 tam
444 3620 616 3694 potentem
642 3632 716 3676 esse
738 3622 776 3677 ut
802 3632 842 3676 ea
867 3607 963 3674 facile
989 3608 1118 3674 efficere
1139 3620 1251 3692 queat,
1272 3628 1348 3692 quae
1367 3609 1476 3675 verbis
1499 3620 1661 3693 concepta
1680 3620 1715 3675 et

347 3714 525 3779 enunciata
550 3726 629 3781 sunt
652 3716 695 3780 de
718 3736 797 3780 vero
820 3725 855 3780 et
877 3714 1024 3797 genuino
1052 3733 1168 3778 comm
1195 3734 1295 3778 sensu
1325 3732 1391 3778 non
1422 3723 1501 3779 sunt
1529 3714 1713 3780 admodum

347 3816 488 3896 solliciti,
504 3819 615 3883 Deum
636 3821 902 3904 omnipotentem
923 3838 996 3883 esse
1017 3815 1121 3902 pleno
1144 3824 1278 3903 gutture
1300 3817 1483 3898 clamitant,
1503 3819 1598 3901 quasi
1619 3818 1713 3883 Deus

346 3923 460 3985 omnia
475 3923 546 3987 sine
568 3923 758 3989 discrimine
780 3933 815 3988 et
827 3921 1012 3988 voluntatis
1031 3921 1317 3987 demonstratione
1339 3921 1446 3987 factus
1468 3923 1520 4002 sit,
1535 3921 1624 3988 certe
1647 3923 1712 3988 Dei

346 4027 498 4108 potentia
520 4037 572 4092 est
595 4028 704 4092 solum
727 4026 909 4093 voluntatis
933 4025 1004 4110 ejus
1029 4025 1189 4091 ministra
1243 4026 1332 4091 Nam
1357 4047 1432 4110 quae
1464 4027 1557 4092 Deus
1580 4027 1653 4093 vult
1677 4035 1713 4092 et

346 4128 495 4194 decernit
508 4131 690 4211 voluntate,
704 4153 744 4197 ea
759 4131 860 4197 efficit
874 4140 909 4197 et
923 4130 1080 4214 producit
1098 4149 1158 4194 sua
1177 4128 1306 4196 infinita
1328 4124 1503 4215 potestate.
1551 4133 1669 4216 ltaque
1691 4131 1712 4198 d

345 4232 518 4299 voluntate
533 4234 576 4299 ad
592 4237 776 4319 potentiam
792 4245 845 4302 est
861 4234 1030 4300 conclusio
1044 4254 1131 4313 vera,
1146 4234 1205 4298 sed
1228 4232 1249 4299 d
1267 4236 1418 4319 potentia
1438 4236 1481 4301 ad
1504 4236 1711 4303 voluntatem

232 4383 233 4386 ,
345 4337 565 4403 concludendi
581 4340 714 4405 ratioet
729 4339 913 4405 admodum
928 4337 1114 4423 periculosa
1128 4347 1163 4403 et
1177 4338 1387 4422 blasphema:
1411 4339 1519 4404 Nobis
1537 4340 1626 4404 enim
1642 4361 1710 4405 non

344 4439 411 4504 alia
434 4441 498 4505 Dei
518 4443 762 4526 omnipotentia
784 4443 962 4528 cogitanda
983 4452 1044 4520 est,
1066 4441 1168 4524 quiam
1186 4462 1262 4524 quae
1284 4463 1360 4507 cum
1384 4442 1471 4508 illius
1491 4444 1654 4509 voluntati
1676 4456 1711 4510 et

344 4544 509 4626 sapientia
531 4547 693 4628 congruit,
715 4567 791 4630 quae
814 4557 928 4613 autem
950 4547 1232 4631 omnipotentiam
1255 4566 1331 4611 cum
1356 4547 1429 4631 ejus
1451 4548 1615 4614 voluntati
1639 4551 1711 4615 sine

1017 4662 1042 4710 u
