4110 5844
486 592 547 656 168
996 602 1187 655 nrsnunrx
1212 603 1272 656 uo
1296 604 1333 657 11.

481 785 605 849 perque
629 773 804 849 perspectu
829 762 1112 849 comprobataque
1127 773 1163 829 vt
1185 763 1268 828 nihil
1292 785 1374 844 esse,
1397 765 1488 847 quod
1513 785 1580 831 non
1606 787 1667 851 pro
1690 767 1764 851 jure
1787 789 1845 832 seu

481 870 555 953 lege
570 870 726 934 amicitiae
746 889 799 933 me
814 879 848 934 et
862 866 958 932 vobis
976 867 1098 932 debere
1112 867 1314 947 existimem,
1328 879 1363 934 et
1382 869 1528 934 vicissim
1549 891 1570 934 a
1589 871 1684 936 vobis
1702 874 1845 937 auserim

481 984 661 1058 expectare
687 972 831 1038 Proinde
855 972 952 1037 vobis
978 981 1148 1055 presentes
1174 972 1345 1037 ministros
1369 991 1462 1037 meos
1490 973 1624 1040 Petrum
1657 975 1785 1040 Forbus
1811 987 1846 1041 et

483 1077 699 1143 Laurentium
715 1076 902 1155 Velichero,
924 1076 951 1140 si
974 1095 1041 1158 qua
1063 1075 1127 1139 illis
1150 1075 1288 1140 consilio
1310 1085 1344 1141 et
1366 1076 1494 1141 auxilio
1508 1088 1619 1143 vestro
1641 1098 1725 1163 opus
1748 1080 1846 1146 fuerit

481 1190 692 1265 peramanter
720 1179 929 1246 commendo
985 1178 1047 1258 Ac,
1072 1179 1357 1261 quemadmodum
1387 1179 1451 1245 hoc
1480 1182 1590 1246 oneris
1620 1181 1697 1247 fidei
1726 1193 1845 1249 vestrae

481 1285 672 1370 permittere
692 1305 758 1348 non
777 1304 893 1349 vereor
915 1283 967 1348 lta
986 1282 1131 1348 vicissim
1152 1303 1288 1348 ornnem
1309 1303 1445 1368 operam
1465 1286 1613 1350 studium
1633 1286 1846 1370 officiumque

482 1409 603 1468 meum,
625 1399 663 1455 ut
688 1389 782 1453 vobis
807 1389 840 1452 in
867 1386 1120 1471 quibuscunque
1141 1386 1338 1453 vestralibus
1360 1398 1471 1454 vestro
1497 1391 1633 1455 nomine
1659 1392 1845 1474 siquidem

481 1495 550 1558 eius
562 1493 743 1578 aliquando
758 1492 811 1556 hic
827 1489 848 1556 ὲ
864 1512 918 1556 me
932 1492 1071 1575 prestari
1083 1500 1120 1556 ut
1132 1480 1255 1574 poterit
1266 1501 1300 1556 et
1311 1491 1456 1571 debebit,
1467 1493 1564 1557 unice
1579 1493 1700 1560 defero.
1735 1496 1846 1573 Porro,

480 1617 556 1661 cum
572 1617 632 1680 per
646 1606 815 1680 presentes
831 1595 1066 1679 occupationes
1085 1595 1180 1679 plura
1195 1616 1261 1659 non
1278 1594 1384 1673 liccat,
1399 1617 1458 1661 vos
1475 1617 1563 1661 nunc
1578 1596 1668 1662 hisce
1683 1598 1846 1677 brevibus,

481 1721 629 1765 summos
645 1700 786 1766 factores
801 1709 835 1764 et
850 1700 976 1763 amicos
995 1718 1097 1777 meos,
1113 1699 1177 1764 Dei
1189 1700 1411 1783 omnipotenti
1427 1700 1625 1785 protectioni
1637 1704 1845 1769 commendo.

483 1802 630 1869 Hallniae
646 1804 679 1869 V
696 1803 843 1887 Augusti
860 1802 963 1867 Anno
983 1804 1073 1884 1596.

892 1922 1088 1988 Vestrarum
1104 1922 1307 2006 dignitatum

1168 2043 1439 2109 Studiosissimus

1345 2164 1547 2232 Hsurucus
1571 2166 1780 2234 Rnumus

654 2335 831 2401 Nobilibus
852 2335 1021 2419 generosis
1039 2344 1072 2399 et
1093 2333 1277 2418 magnificis
1298 2336 1385 2414 viris,
1407 2337 1448 2401 D.
1466 2336 1507 2403 D.
1522 2286 1667 2420 Johanni
1690 2336 1845 2405 Schinaeo

588 2451 622 2506 ct
648 2441 746 2505 Petro
764 2439 883 2522 Junio:
911 2449 943 2503 et
963 2437 1177 2522 amplissimis
1197 2437 1342 2504 Schotiae
1368 2441 1459 2523 regni
1479 2443 1687 2506 senatoribus
1711 2453 1744 2508 et
1768 2465 1846 2507 con-

588 2545 717 2609 siliariis
733 2544 831 2627 regiis
846 2553 880 2607 et
895 2543 1010 2607 amicis
1026 2563 1158 2607 summa
1172 2540 1383 2608 observantia
1398 2556 1559 2628 perpetuo
1573 2545 1721 2610 colendis
1737 2556 1797 2612 etc

653 2647 770 2712 Vtrius
785 2647 987 2712 coniunctim
1003 2646 1056 2711 vel
1072 2647 1208 2711 seorsim
1225 2647 1364 2730 singulis
1379 2648 1506 2714 dentur.

1138 2911 1184 2974 13.

544 3048 743 3116 Gratissima
763 3046 843 3111 mihi
867 3047 929 3112 suit
951 3045 1149 3131 significatio
1165 3047 1313 3130 pristinae
1335 3065 1414 3130 erga
1437 3067 1491 3112 me
1514 3049 1754 3116 benevolentiae
1777 3061 1844 3116 tuae

479 3157 559 3221 dum
579 3174 647 3238 quo
669 3153 743 3217 loco
763 3151 874 3218 literas
899 3171 989 3216 meas
1004 3151 1158 3216 habueris
1173 3150 1282 3214 verbis
1299 3148 1389 3215 haud
1406 3149 1550 3235 vulgaris
1565 3151 1704 3219 affectus
1723 3154 1844 3240 plenis,

478 3259 571 3324 simis
595 3257 778 3322 ostendisti.
825 3256 948 3320 Mirum
973 3253 1072 3339 porrb
1091 3254 1124 3317 in
1145 3254 1292 3332 modum,
1312 3274 1366 3318 me
1390 3255 1497 3319 tenuit
1517 3258 1677 3321 memoria
1696 3267 1731 3323 et
1754 3280 1844 3322 com·

480 3362 676 3429 memoratio
694 3370 753 3425 tua
770 3359 1020 3442 Jucundissimae
1039 3357 1297 3423 conversationis
1318 3368 1461 3438 nostrae;
1483 3379 1559 3442 quae
1578 3381 1629 3425 res
1649 3361 1745 3426 tantb
1764 3363 1844 3426 mihi

479 3467 588 3551 majus
608 3465 809 3530 desiderium
829 3463 955 3528 excitat
975 3463 1023 3527 tui
1047 3459 1174 3545 quantb
1194 3460 1298 3525 tutius
1323 3461 1413 3525 illam
1432 3463 1528 3527 nobis
1549 3474 1744 3548 perpetuam
1766 3465 1844 3546 sore,

478 3571 631 3657 quamvis
654 3569 849 3652 longissimo
873 3577 1034 3632 terrarum
1058 3575 1165 3630 tractu
1190 3565 1314 3630 dissitis
1335 3564 1424 3645 mihi,
1436 3565 1543 3649 jubes,
1558 3568 1695 3633 omnino
1710 3589 1844 3652 persua-

478 3677 599 3741 deam:
622 3672 702 3737 illud
718 3692 797 3736 vero
812 3672 855 3736 de
875 3672 946 3755 pari
966 3669 1139 3736 voluntate
1158 3679 1192 3736 et
1212 3670 1400 3734 constantia
1419 3690 1494 3734 mea
1506 3670 1669 3753 judicium
1690 3682 1794 3748 tuum,
1810 3683 1844 3739 et

478 3781 505 3844 si
530 3780 563 3844 id
588 3797 721 3862 quoque
742 3775 1021 3860 jucundissimum
1043 3772 1123 3837 mihi
1143 3773 1273 3852 accidit,
1288 3784 1401 3839 tamen
1422 3774 1625 3839 conscientia
1648 3777 1750 3840 animi
1778 3778 1843 3842 mei

479 3884 581 3949 fretus
592 3884 667 3967 jure
682 3879 829 3965 quodam
846 3899 922 3943 meo
937 3877 1017 3942 illud
1035 3877 1115 3943 mihi
1126 3877 1239 3943 deberi
1249 3886 1307 3942 tua
1318 3876 1370 3942 sac
1381 3896 1496 3959 quaeso
1508 3898 1583 3943 cum
1596 3899 1678 3963 pace
1690 3880 1843 3947 dixerim.

480 3984 623 4052 Proinde
641 3985 722 4049 dum
744 3993 861 4048 mutuo
879 3982 943 4046 hoc
964 3981 1096 4045 foedere
1114 3979 1257 4047 fructum
1278 3981 1425 4044 amicitia
1445 3980 1562 4066 legere,
1579 3981 1643 4047 hoc
1661 3993 1712 4048 est
1730 3984 1844 4048 omnia

478 4089 695 4155 humanitatis
714 4097 748 4153 et
767 4086 922 4171 propensi
942 4085 1045 4149 animi
1064 4085 1175 4150 studia
1195 4104 1248 4149 me
1266 4084 1316 4148 vis
1335 4094 1514 4168 expectare
1532 4095 1567 4150 et
1585 4085 1725 4170 dignum
1739 4088 1842 4153 veteri

479 4203 538 4258 tuo
550 4193 702 4256 instituto
718 4191 798 4255 sacis
814 4190 885 4274 ipse
900 4198 934 4254 et
949 4207 1013 4273 ego
1029 4188 1062 4252 in
1077 4188 1196 4252 eodem
1212 4186 1330 4267 officio,
1345 4189 1373 4251 si
1388 4188 1519 4253 vincere
1534 4208 1601 4254 non
1614 4191 1712 4255 datur
1723 4191 1842 4257 saltem

478 4306 516 4362 ut
524 4296 614 4360 haud
631 4293 773 4358 multum
788 4293 990 4357 concessisse
1004 4291 1118 4357 videar
1129 4291 1279 4358 sedulam
1295 4312 1430 4376 operam
1443 4292 1543 4375 dabo.
1589 4293 1713 4358 Ehlero
1728 4304 1842 4360 nostro

479 4400 559 4483 quid
573 4408 651 4463 ante
666 4396 728 4463 hac
744 4397 936 4482 praestiteris
953 4397 1024 4480 jam
1044 4416 1088 4460 ex
1108 4395 1180 4460 aliis
1200 4398 1351 4478 cognovi,
1365 4405 1400 4461 et
1414 4395 1491 4461 hinc
1510 4407 1570 4476 est,
1588 4398 1678 4480 quod
1699 4408 1733 4462 te
1752 4398 1840 4462 idern

479 4503 696 4585 imposterum
723 4501 823 4566 etiam
848 4499 1012 4565 facturum
1040 4497 1135 4564 facile
1165 4499 1246 4565 mihi
1276 4500 1441 4586 polliceor.
1497 4504 1664 4587 Equidem
1694 4524 1841 4590 agnosco
